1495 2370
258 79 306 117 18
633 90 674 117 Μ.
706 90 827 118 TULm
857 90 1072 118 crcrmoms

219 215 222 219 f
251 189 366 223 dabat
384 188 509 233 gloria.
563 187 579 233 ξ
600 198 656 232 43.
686 189 760 223 Sed
776 187 878 234 ¹quid
891 200 959 233 ego
977 189 1093 223 alios?
1110 188 1158 223 ad
1177 188 1360 234 meipsum
1374 188 1452 234 jam

252 255 423 283 revertar.
476 248 639 281 Primum
675 248 786 281 habui
815 259 961 292 semper
987 247 1159 282 ²sodales.
1228 248 1454 283 sodalitates

251 314 377 341 autem
390 317 448 340 me
463 314 658 351 quaestore
671 306 894 340 constitutae
908 314 992 340 sunt
1007 306 1137 339 ³sacris
1155 306 1277 340 Idaeis
1293 307 1455 350 Magnae

257 364 387 398 Matris
406 364 579 408 acceptis.
633 364 823 408 Epulabar
841 363 965 407 *igitur
984 375 1069 397 cum
1087 363 1289 407 sodalibus,
1302 364 1454 398 omnino

252 423 411 472 modice,
427 422 492 456 sed
511 430 589 456 erat
603 421 756 466 quidam
773 421 908 455 fisci-vor
926 422 1078 455 aetatis:
1105 432 1179 466 qua
1197 422 1455 466 progrediente

254 481 381 516 omnia
407 481 498 515 fiunt
517 480 552 513 in
577 480 657 514 dies
684 480 841 514 mitiora.
894 481 1027 524 Neque
1053 480 1153 514 enim
1177 480 1342 524 ipsorum
1367 491 1454 514 con-
1490 484 1495 493 ¹

250 540 433 574 viviorum
448 539 735 573 delectationem
752 539 1004 583 voluptatibus
1023 538 1187 583 corporis
1205 538 1324 582 magis
1343 548 1455 583 quarn

251 606 362 633 coetu
390 598 596 632 amicorum
623 603 658 631 et
687 597 922 631 sermonibus
949 597 1139 631 metiebar.
1198 595 1322 631 ⁶Bene
1355 597 1455 631 enim

253 657 414 701 majores
448 655 564 690 nostri
599 655 873 689 accubitionem
899 656 1086 700 epularem
1113 655 1330 698 amicorum,
1367 655 1454 700 quia

250 715 348 749 vitae
368 714 669 759 conjunctionem
687 714 852 757 haberet,
864 714 1064 747 convivium
1081 713 1339 755 nomina1·unt;
1365 713 1455 748 mel-

251 773 322 815 ius,
340 783 452 817 quarn
472 771 618 815 Graeci,
636 771 698 816 qui
715 771 787 805 hoc
806 771 905 805 idem
931 771 1024 806 ⁷tum
1049 771 1357 821 compotcgtionem‚
1375 777 1453 806 tum

251 830 539 864 concenationem
568 836 716 873 vocant,
742 836 793 873 ut,
819 829 920 874 quod
945 828 998 863 Sin
1025 841 1068 864 eo
1095 840 1231 873 genere
1257 829 1454 864 minimum

251 896 320 932 est,
335 876 552 922 idmaxime
569 887 728 932 probare
745 887 952 921 videantur.

301 983 396 1017 XIV
399 980 476 1026 -ὲ
497 982 553 1024 46.
586 982 668 1026 Ego
687 993 775 1015 vero
792 988 942 1026 propter
961 981 1144 1016 sermonis
1161 981 1450 1016 delectationem

252 1040 498 1086 ltempestivis
512 1051 660 1085 quoque
672 1039 852 1074 conviviis
867 1039 1119 1083 delector,nec
1138 1051 1223 1074 cum
1236 1040 1455 1085 aequalibus

251 1099 384 1143 solum,
399 1098 475 1143 2qui
493 1097 602 1142 pauci
621 1097 825 1131 admodum
844 1104 996 1141 restant,
1011 1098 1077 1132 sed
1096 1109 1182 1131 cum
1200 1105 1323 1132 vestra
1340 1097 1453 1132 etiam

251 1164 374 1192 aetate
415 1163 527 1200 atque
568 1155 775 1199 vobiscum,
816 1155 1013 1200 habeoque
1054 1156 1236 1190 senectuti
1278 1167 1455 1201 magnam

250 1215 422 1261 gratiam,
435 1215 544 1259 ³quae
562 1213 654 1248 mihi
673 1214 855 1249 sermonis
873 1214 1091 1249 aviditatem
1108 1214 1221 1258 auxit,
1235 1214 1398 1259 potionis
1415 1220 1452 1249 et

250 1274 323 1309 cibi
357 1273 515 1308 sustulit.
565 1271 691 1317 “Quod
717 1273 747 1306 si
778 1283 890 1317 quern
916 1273 1030 1307 etiam
1055 1273 1127 1308 ista
1152 1271 1450 1308 delectant—{ne

250 1332 405 1368 omnino
422 1332 561 1366 bellum
579 1331 757 1365 indixisse
783 1331 911 1366 videar
928 1331 1122 1376 voluptati,
1140 1331 1244 1376 cujus
1263 1337 1319 1366 est
1336 1330 1450 1366 etiam

247 1389 407 1425 fortasse
421 1388 575 1434 quidam
589 1389 768 1424 naturalis
782 1389 1056 1424 modus—finon
1069 1389 1244 1434 intellego
1258 1400 1305 1424 ne
1318 1389 1357 1423 in
1370 1388 1453 1423 istis

248 1447 401 1493 quidem
419 1447 510 1492 ipsis
537 1447 790 1492 voluptatibus
808 1459 933 1482 carere
960 1459 1072 1483 sensu
1091 1454 1331 1483 senectutem.
1386 1448 1450 1482 Me

247 1517 335 1540 vero
354 1512 390 1539 et
407 1504 635 1549 magisteria
652 1505 841 1539 delectant
867 1517 889 1539 a
906 1505 1108 1550 majoribus
1129 1505 1298 1540 instituta
1316 1517 1325 1547 ;
1349 1503 1402 1540 θεῖ
1419 1505 1450 1540 ἱ5

249 1574 383 1606 sermo,
401 1562 463 1607 qui
482 1573 584 1596 more
602 1562 785 1607 majorum
811 1574 834 1597 a
853 1574 1000 1597 summo
1016 1564 1214 1598 adhibetur
1232 1563 1268 1597 in
1295 1563 1429 1608 poculo
1442 1575 1454 1605 3·

247 1628 283 1656 et
298 1621 443 1666 pocula,
453 1620 562 1655 ⁹sicut
578 1620 615 1654 in
629 1619 814 1665 Symposio
826 1621 1088 1666 Xenophontis
1099 1629 1167 1666 est,
1178 1622 1322 1657 minuta
1338 1629 1450 1667 atque

247 1678 438 1720 rorantia3
464 1675 528 1713 ¹⁰et
546 1679 774 1723 refrigeratio
802 1686 956 1724 aestate,
973 1686 1009 1714 et
1028 1679 1192 1714 vicissim
1217 1687 1281 1715 aut
1306 1680 1362 1714 sol
1387 1686 1450 1714 aut

245 1738 342 1783 ignis
360 1737 548 1771 hibernus.
600 1736 734 1782 ¹¹Quae
749 1738 901 1783 quidem
919 1739 1032 1773 etiam
1050 1739 1087 1773 in
1108 1739 1258 1774 Sabinis
1276 1738 1449 1784 persequi

244 1796 358 1840 soleo,
393 1795 679 1841 conviviumque
708 1796 916 1831 vicinorum
946 1797 1083 1832 cotidie
1108 1797 1292 1842 compleo,
1320 1795 1448 1842 ¹²quod

235 1854 295 1889 xad
320 1854 477 1888 multam
506 1861 656 1889 noctem
689 1865 803 1899 quam
828 1854 991 1890 maxime
1019 1866 1218 1900 possumus
1247 1854 1350 1889 vario
1375 1866 1450 1890 ser-

243 1923 356 1947 mone
367 1912 619 1957 producimus.
645 1911 662 1957 §
679 1922 735 1955 47.
749 1911 812 1948 ¹At
827 1924 903 1947 non
914 1920 971 1948 est
979 1914 1212 1959 voluptatum
1223 1920 1328 1948 tanta
1342 1914 1450 1959 quasi

240 1970 404 2005 titillatio
422 1970 459 2003 in
486 1970 648 2005 senibus.
701 1971 847 2012 Credo;
874 1971 941 2006 sed
966 1983 1015 2006 ne
1031 1971 1258 2006 desideratio
1283 1971 1447 2017 quidem2
1493 1991 1495 1994 ⁴

241 2027 369 2063 ²Nihil
394 2035 521 2062 autem
547 2035 603 2062 est
621 2029 834 2073 molestum,
851 2030 954 2075 quod
978 2041 1055 2064 non
1073 2029 1275 2065 desideres.
1324 2028 1449 2066 ³Bene

245 2086 463 2132 Sophocles,
481 2096 595 2130 quum
612 2098 656 2122 ex
673 2098 718 2122 eo
735 2088 888 2133 quidam
901 2087 982 2133 jam
997 2088 1132 2123 affecto
1149 2095 1273 2124 aetate
1297 2099 1451 2134 quaere-

220 2151 310 2189 ·ret,
326 2152 537 2180 utereturne
562 2145 673 2181 rebus
691 2146 852 2181 veneriis
866 2159 876 2189 ;
901 2146 969 2181 *Di
985 2145 1165 2181 meliora!
1189 2146 1322 2193 inquit.
1371 2146 1451 2193 Ego
