1495 2370
138 98 186 134 ‘26
514 109 554 135 M.
587 109 707 135 TULm
738 108 950 135 mcssuoms

183 205 362 251 XIX.—§
383 206 438 241 66.
468 207 609 252 Quarta
634 213 748 242 restat
767 217 890 250 causa,
909 216 1001 250 quae
1019 205 1179 240 maxime
1196 216 1334 250 angere

137 264 259 307 'atque
289 265 485 299 sollicitam
508 266 643 300 habere
663 272 829 299 nostram
850 272 1011 299 aetatem
1029 264 1184 303 videtur,
1201 274 1334 309 appro-

132 322 324 366 pinquatio
342 331 471 357 mortis
491 335 498 363 ;
525 334 616 366 quae
636 330 734 357 certe
752 335 774 356 a
792 330 982 357 senectute
999 333 1073 356 non
1087 329 1210 366 potest
1222 323 1334 367 longe

135 381 276 415 abesse.
331 383 362 415 O
390 382 564 416 miserum
586 381 739 425 ²senem,
758 382 818 425 qui
836 388 995 415 mortem
1019 380 1334 415 contemnendam
1370 416 1378 421 ,

136 449 218 472 esse
231 439 267 472 in
280 446 356 472 tam
370 440 480 483 longa
496 447 618 474 aetate
633 451 707 473 non
722 439 853 473 viderit
871 441 877 473 l
895 440 1004 482 ³quae
1018 445 1081 473 aut
1096 438 1206 483 plane
1220 437 1334 482 negli-

133 496 256 539 genda
297 504 365 537 est,
400 497 429 530 si
471 497 624 530 omnino
666 497 865 543 exstipguit
906 496 1085 538 animum,
1126 503 1189 530 aut
1221 494 1336 530 etiam

135 555 312 599 optanda,
331 555 360 589 si
387 555 523 598 ⁴aliquo
551 567 636 590 eum
662 556 812 606 deducit
831 555 893 589 ubi
920 555 966 589 sit
991 555 1134 589 futurus
1152 561 1334 589 aeternus.

136 614 247 656 Atqui
262 612 425 648 ⁵tcrtium
441 621 538 648 certe
554 614 644 647 nihil
656 614 809 648 inveniri
826 621 957 658 potest.
993 612 1078 656 §62
1098 612 1214 657 lQuid
1228 612 1338 657 igitur

133 671 298 714 timeam,
318 672 347 705 si
375 679 438 706 aut
468 683 543 706 non
571 674 683 707 miser
707 680 792 717 post
818 679 976 706 mortem
993 678 1055 706 aut
1073 672 1205 707 beatus
1223 671 1336 705 etiam

134 729 277 763 futurus
304 741 386 764 sum
402 729 413 764 2
463 731 716 774 ²Quamquam
735 730 815 773 quis
833 737 890 765 est
907 737 984 764 tam
1003 730 1148 764 stultus.
1166 728 1336 772 quamvis

135 787 180 821 sit
210 788 443 830 adulescens,
462 789 519 823 cui
551 789 597 823 sit
626 790 856 834 exploratum
884 799 923 822 se
953 788 1001 822 ad
1028 799 1225 832 vesperum
1253 797 1336 822 esse

135 845 318 880 victurum
333 846 346 880 ?
395 846 510 891 3Quin
545 847 657 895 etiam
692 854 794 881 aetas
825 847 886 880 illa
916 847 1032 880 multo
1062 846 1198 890 plures,
1223 856 1336 890 quam

134 912 272 947 nostra,
291 905 420 938 mortis
448 916 556 939 casus
584 905 721 939 habet:
747 905 893 938 facilius
923 904 960 938 in
990 905 1141 938 morbos
1167 903 1337 938 incidunt

131 962 403 1004 adulescentes,
421 963 570 1007 gravius
588 970 794 1007 aegrotant,
812 963 952 997 tristius
971 969 1154 997 curantur.
1207 963 1337 1004 Itaque

135 1020 244 1065 pauci
259 1021 410 1055 veniunt
425 1022 472 1055 ad
488 1029 717 1064 senectutem
734 1033 740 1055 t
760 1020 871 1064 ‘²quod
885 1021 922 1054 ni
935 1021 986 1055 ita
996 1021 1193 1064 accideret,
1204 1019 1337 1054 melius

137 1087 172 1113 et
191 1080 409 1123 prudentius
427 1080 619 1115 viveretur.
669 1078 797 1114 ⁵Mens
812 1080 911 1114 enim
925 1086 962 1114 et
979 1079 1073 1114 ratio
1091 1085 1126 1113 et
1141 1079 1338 1113 consilium

138 1137 174 1170 in
192 1137 341 1171 senibus
360 1145 428 1181 est,
440 1135 516 1181 uni
535 1138 564 1172 si
581 1139 668 1172 nulli
683 1138 850 1177 fuissent,
862 1138 984 1171 nullae
1003 1137 1154 1172 omnino
1169 1137 1338 1172 civitates

137 1195 303 1230 fuissent.
339 1196 349 1215 ⁷
360 1197 434 1231 Sed
449 1197 560 1231 redeo
575 1197 623 1230 ad
639 1204 797 1231 mortem
813 1196 1103 1241 impendentem.
1138 1195 1266 1240 8Quod
1281 1201 1339 1230 est

139 1255 236 1289 istud
279 1255 419 1289 crimen
461 1256 675 1297 senectutis,
706 1266 819 1298 quum
861 1255 950 1289 illud
993 1255 1026 1288 ei
1067 1254 1225 1288 videatis
1259 1265 1345 1289 cum

138 1314 393 1348 adulescentia
412 1326 494 1348 esse
513 1314 738 1348 commune?
790 1313 806 1355 ξ
824 1313 879 1347 63.
910 1313 1017 1348 Sensi
1044 1324 1113 1357 ego
1132 1312 1183 1346 ¹in
1201 1312 1344 1357 optimo

143 1371 216 1405 tilio
252 1383 346 1415 meo,
375 1372 428 1406 2tu
448 1373 484 1406 in
511 1372 735 1416 exspectatis
762 1372 809 1405 ad
828 1371 1099 1416 amplissimam
1126 1370 1346 1415 dignitatem

141 1429 314 1464 fratribus
329 1430 412 1472 tuis,
430 1431 566 1475 Scipio,
582 1438 739 1465 mortem
755 1430 854 1464 omni
870 1430 982 1464 aetati
997 1441 1078 1464 esse
1094 1440 1343 1464 communem.

140 1489 201 1522 ’ἒς-Χῖ
222 1496 345 1533 sperat
360 1489 579 1524 adulescens
595 1489 657 1523 diu
677 1501 716 1523 se
730 1490 914 1523 victurum
931 1501 937 1522 :
966 1488 1063 1531 quod
1079 1499 1229 1533 sperare
1246 1487 1345 1522 idem

143 1558 254 1581 senex
267 1558 340 1581 non
352 1555 484 1592 potest.
540 1547 762 1592 Ins'ipienter
775 1554 908 1591 sperat.
961 1546 1061 1591 Quid
1073 1546 1171 1580 enim
1187 1546 1347 1589 stultius,

143 1615 253 1648 quam
273 1605 413 1640 incerta
428 1617 493 1650 pro
509 1606 617 1640 certis
632 1606 780 1649 habere,
799 1606 892 1639 falsa
911 1616 976 1650 pro
995 1604 1118 1639 veris?
1166 1605 1216 1639 At
1234 1615 1347 1638 senex

143 1675 188 1697 ne
207 1664 305 1707 quod
325 1672 447 1708 speret
465 1665 615 1707 quidem
634 1665 746 1698 habs
808 1664 872 1698 4At
898 1671 954 1698 est
980 1675 1024 1698 eo
1048 1663 1201 1698 meliore
1219 1662 1347 1697 condi-

143 1721 250 1755 cione
280 1732 391 1765 quam
418 1723 650 1765 adulescens,
669 1723 844 1766 quoniam
863 1722 914 1765 ij,
935 1722 1033 1765 quod
1052 1722 1112 1756 ille
1131 1728 1266 1766 sperat,
1283 1721 1346 1755 hic

144 1788 366 1814 consecutus
401 1788 465 1815 est.
537 1782 602 1816 Ille
642 1782 714 1815 volt
754 1781 816 1815 diu
860 1781 982 1815 vivere
1001 1793 1009 1822 ;
1046 1780 1106 1815 hic
1140 1781 1202 1814 diu
1246 1779 1346 1814 vixit.

145 1836 161 1880 ἒ
175 1838 220 1882 69
257 1838 524 1884 ¹Quamquam,
537 1851 558 1873 o
574 1840 622 1873 Di
637 1840 724 1874 boni
743 1841 748 1873 Σ
769 1839 856 1882 quid
871 1846 926 1873 est
941 1839 978 1873 in
992 1839 1154 1873 hominis
1168 1839 1244 1873 vita
1257 1838 1320 1873 diu
1335 1838 1350 1873 ?

143 1897 219 1930 2Da
245 1896 344 1939 enim
363 1908 577 1941 supremum
596 1904 742 1942 tempus
760 1910 767 1938 ;
797 1903 1054 1942 exspectemus
1073 1896 1348 1932 Tartessiorum

144 1954 240 1998 regis
258 1961 420 1989 aetatem
437 1967 443 1989 :
471 1955 538 1990 fuit
556 1956 667 1998 enim,
686 1962 725 1989 ut
744 1955 922 2000 scriptum
936 1955 1056 1999 video,
1071 1953 1349 1999 ArganthoniUS

142 2012 296 2057 quidam
315 2013 496 2058 Gadibus,
515 2015 577 2059 qui
596 2014 785 2059 octoginta
806 2021 1025 2058 regnaverat
1046 2025 1178 2056 annos,
1198 2019 1349 2048 centum

142 2071 272 2115 viginti
286 2071 436 2106 vixerat.
494 2074 568 2108 Sed
583 2073 674 2107 mihi
688 2085 734 2107 ne
750 2073 967 2107 diuturnum
982 2072 1132 2116 quidem
1146 2071 1348 2115 quidquam
1374 2071 1381 2078 ’

141 2129 297 2174 videtur,
316 2130 353 2165 in
372 2141 444 2175 quo
463 2138 518 2167 est
536 2132 676 2176 aliquid
694 2138 911 2166 extremum.
966 2131 1092 2176 Quum
1111 2130 1211 2166 enim
1228 2129 1267 2165 id
1283 2128 1349 2165 ad—

131 2193 148 2200 Λ

1470 2259 1491 2300 c-
