<?xml version="1.0" encoding="UTF-8"?>
<!DOCTYPE html PUBLIC "-//W3C//DTD XHTML 1.0 Transitional//EN"
    "http://www.w3.org/TR/xhtml1/DTD/xhtml1-transitional.dtd">
<html xmlns="http://www.w3.org/1999/xhtml" xml:lang="en" lang="en">
 <head>
  <title>
</title>
<meta http-equiv="Content-Type" content="text/html;charset=utf-8" />
  <meta name='ocr-system' content='tesseract 3.04.00' />
  <meta name='ocr-capabilities' content='ocr_page ocr_carea ocr_par ocr_line ocrx_word'/>
</head>
<body>
  <div class='ocr_page' id='page_1' title='image "./catomajordesen00ciceuoft_0080.png"; bbox 0 0 1495 2370; ppageno 0'>
   <div class='ocr_carea' id='block_1_1' title="bbox 135 110 949 156">
    <p class='ocr_par' dir='ltr' id='par_1_1' title="bbox 135 110 949 156">
     <span class='ocr_line' id='line_1_1' title="bbox 135 110 949 156; baseline 0.011 -9"><span class='ocrx_word' id='word_1_1' title='bbox 135 110 184 147; x_wconf 84' lang='grc'>28</span> <span class='ocrx_word' id='word_1_2' title='bbox 513 126 553 153; x_wconf 82' lang='grc' dir='ltr'>Μ.</span> <span class='ocrx_word' id='word_1_3' title='bbox 585 126 705 153; x_wconf 57' lang='lat' dir='ltr'>&#39;ruma</span> <span class='ocrx_word' id='word_1_4' title='bbox 735 128 949 156; x_wconf 74' lang='lat' dir='ltr'>CICERONIS</span> 
     </span>
    </p>
   </div>
   <div class='ocr_carea' id='block_1_2' title="bbox 135 219 1393 272">
    <p class='ocr_par' dir='ltr' id='par_1_2' title="bbox 135 219 1393 272">
     <span class='ocr_line' id='line_1_2' title="bbox 135 219 1393 272; baseline 0.01 -20"><span class='ocrx_word' id='word_1_5' title='bbox 135 219 224 253; x_wconf 87' lang='lat' dir='ltr'>illud</span> <span class='ocrx_word' id='word_1_6' title='bbox 244 226 310 261; x_wconf 89' lang='lat' dir='ltr'>est,</span> <span class='ocrx_word' id='word_1_7' title='bbox 330 221 426 264; x_wconf 86' lang='lat' dir='ltr'>quod</span> <span class='ocrx_word' id='word_1_8' title='bbox 449 222 640 258; x_wconf 78' lang='lat' dir='ltr'>Pisistrato</span> <span class='ocrx_word' id='word_1_9' title='bbox 658 231 816 268; x_wconf 79' lang='lat' dir='ltr'>tyranno</span> <span class='ocrx_word' id='word_1_10' title='bbox 833 238 855 261; x_wconf 84' lang='lat' dir='ltr'>a</span> <span class='ocrx_word' id='word_1_11' title='bbox 876 227 1011 261; x_wconf 85' lang='lat' dir='ltr'>Solone</span> <span class='ocrx_word' id='word_1_12' title='bbox 1030 238 1249 272; x_wconf 84' lang='lat' dir='ltr'>responsum</span> <span class='ocrx_word' id='word_1_13' title='bbox 1267 235 1336 272; x_wconf 89' lang='lat' dir='ltr'>est,</span> <span class='ocrx_word' id='word_1_14' title='bbox 1387 223 1393 228; x_wconf 59' lang='grc'>’</span> 
     </span>
    </p>
   </div>
   <div class='ocr_carea' id='block_1_3' title="bbox 130 279 1338 1027">
    <p class='ocr_par' dir='ltr' id='par_1_3' title="bbox 130 279 1338 1027">
     <span class='ocr_line' id='line_1_3' title="bbox 133 279 1336 328; baseline 0.007 -17"><span class='ocrx_word' id='word_1_15' title='bbox 133 287 245 321; x_wconf 90' lang='lat' dir='ltr'>quum</span> <span class='ocrx_word' id='word_1_16' title='bbox 264 279 314 312; x_wconf 90' lang='lat' dir='ltr'>illi</span> <span class='ocrx_word' id='word_1_17' title='bbox 334 282 535 324; x_wconf 76' lang='lat' dir='ltr'>quaerenti,</span> <span class='ocrx_word' id='word_1_18' title='bbox 556 282 635 325; x_wconf 68' lang='lat' dir='ltr'>Qua</span> <span class='ocrx_word' id='word_1_19' title='bbox 662 283 807 317; x_wconf 54' lang='lat' dir='ltr'>&amp;witlam</span> <span class='ocrx_word' id='word_1_20' title='bbox 833 297 866 318; x_wconf 58' lang='lat' dir='ltr'>re</span> <span class='ocrx_word' id='word_1_21' title='bbox 885 285 1004 328; x_wconf 67' lang='lat' dir='ltr'>fretus</span> <span class='ocrx_word' id='word_1_22' title='bbox 1028 286 1095 319; x_wconf 56' lang='lat' dir='ltr'>siba</span> <span class='ocrx_word' id='word_1_23' title='bbox 1122 288 1197 319; x_wconf 73' lang='lat' dir='ltr'>tam</span> <span class='ocrx_word' id='word_1_24' title='bbox 1221 285 1336 320; x_wconf 62' lang='lat' dir='ltr'>attda·</span> 
     </span>
     <span class='ocr_line' id='line_1_4' title="bbox 134 338 1336 395; baseline 0.007 -24"><span class='ocrx_word' id='word_1_25' title='bbox 134 338 221 372; x_wconf 70' lang='lat' dir='ltr'>citer</span> <span class='ocrx_word' id='word_1_26' title='bbox 238 339 425 382; x_wconf 56' lang='lat' dir='ltr'>obsisteret,</span> <span class='ocrx_word' id='word_1_27' title='bbox 438 342 675 395; x_wconf 78' lang='lat' dir='ltr'>respondisse</span> <span class='ocrx_word' id='word_1_28' title='bbox 689 343 835 394; x_wconf 77' lang='lat' dir='ltr'>dicitur,</span> <span class='ocrx_word' id='word_1_29' title='bbox 849 344 1041 378; x_wconf 55' lang='lat' dir='ltr'>senectam.</span> <span class='ocrx_word' id='word_1_30' title='bbox 1095 345 1169 379; x_wconf 89' lang='lat' dir='ltr'>Sed</span> <span class='ocrx_word' id='word_1_31' title='bbox 1188 345 1336 380; x_wconf 89' lang='lat' dir='ltr'>vivendi</span> 
     </span>
     <span class='ocr_line' id='line_1_5' title="bbox 132 393 1337 448; baseline 0.007 -18"><span class='ocrx_word' id='word_1_32' title='bbox 132 404 187 431; x_wconf 76' lang='lat' dir='ltr'>est</span> <span class='ocrx_word' id='word_1_33' title='bbox 207 397 290 431; x_wconf 85' lang='lat' dir='ltr'>finis</span> <span class='ocrx_word' id='word_1_34' title='bbox 309 399 482 443; x_wconf 76' lang='lat' dir='ltr'>optimus,</span> <span class='ocrx_word' id='word_1_35' title='bbox 495 412 621 445; x_wconf 83' lang='lat' dir='ltr'>quum,</span> <span class='ocrx_word' id='word_1_36' title='bbox 634 393 775 446; x_wconf 60' lang='lat' dir='ltr'>integra</span> <span class='ocrx_word' id='word_1_37' title='bbox 790 411 913 436; x_wconf 58' lang='lat' dir='ltr'>mente</span> <span class='ocrx_word' id='word_1_38' title='bbox 928 403 1132 446; x_wconf 85' lang='lat' dir='ltr'>ceterisque</span> <span class='ocrx_word' id='word_1_39' title='bbox 1151 404 1337 448; x_wconf 82' lang='lat' dir='ltr'>sensibus,</span> 
     </span>
     <span class='ocr_line' id='line_1_6' title="bbox 134 456 1335 510; baseline 0.007 -22"><span class='ocrx_word' id='word_1_40' title='bbox 134 465 226 499; x_wconf 85' lang='lat' dir='ltr'>opus</span> <span class='ocrx_word' id='word_1_41' title='bbox 256 456 336 499; x_wconf 87' lang='lat' dir='ltr'>ipsa</span> <span class='ocrx_word' id='word_1_42' title='bbox 363 469 470 491; x_wconf 88' lang='lat' dir='ltr'>suum</span> <span class='ocrx_word' id='word_1_43' title='bbox 497 459 641 501; x_wconf 80' lang='lat' dir='ltr'>eadem,</span> <span class='ocrx_word' id='word_1_44' title='bbox 668 470 760 502; x_wconf 64' lang='lat' dir='ltr'>quae</span> <span class='ocrx_word' id='word_1_45' title='bbox 783 460 1085 510; x_wconf 49' lang='lat' dir='ltr'>Gcoagmnemavit,</span> <span class='ocrx_word' id='word_1_46' title='bbox 1104 469 1236 495; x_wconf 84' lang='lat' dir='ltr'>natura</span> <span class='ocrx_word' id='word_1_47' title='bbox 1261 462 1335 496; x_wconf 90' lang='lat' dir='ltr'>dis-</span> 
     </span>
     <span class='ocr_line' id='line_1_7' title="bbox 137 513 1337 554; baseline 0.007 -8"><span class='ocrx_word' id='word_1_48' title='bbox 137 513 255 547; x_wconf 80' lang='lat' dir='ltr'>solvit.</span> <span class='ocrx_word' id='word_1_49' title='bbox 313 516 362 549; x_wconf 85' lang='lat' dir='ltr'>Ut</span> <span class='ocrx_word' id='word_1_50' title='bbox 389 527 535 551; x_wconf 78' lang='lat' dir='ltr'>navem.</span> <span class='ocrx_word' id='word_1_51' title='bbox 554 524 592 550; x_wconf 90' lang='lat' dir='ltr'>ut</span> <span class='ocrx_word' id='word_1_52' title='bbox 611 517 821 551; x_wconf 79' lang='lat' dir='ltr'>aediticium</span> <span class='ocrx_word' id='word_1_53' title='bbox 849 518 947 551; x_wconf 90' lang='lat' dir='ltr'>idem</span> <span class='ocrx_word' id='word_1_54' title='bbox 969 518 1124 553; x_wconf 83' lang='lat' dir='ltr'>destruit</span> <span class='ocrx_word' id='word_1_55' title='bbox 1150 519 1337 554; x_wconf 70' lang='lat' dir='ltr'>facillime,</span> 
     </span>
     <span class='ocr_line' id='line_1_8' title="bbox 132 572 1337 620; baseline 0.006 -15"><span class='ocrx_word' id='word_1_56' title='bbox 132 572 193 614; x_wconf 90' lang='lat' dir='ltr'>qui</span> <span class='ocrx_word' id='word_1_57' title='bbox 225 574 440 615; x_wconf 78' lang='lat' dir='ltr'>construxit,</span> <span class='ocrx_word' id='word_1_58' title='bbox 467 574 519 608; x_wconf 89' lang='lat' dir='ltr'>sic</span> <span class='ocrx_word' id='word_1_59' title='bbox 550 575 741 609; x_wconf 85' lang='lat' dir='ltr'>hominem</span> <span class='ocrx_word' id='word_1_60' title='bbox 775 577 907 610; x_wconf 87' lang='lat' dir='ltr'>eadem</span> <span class='ocrx_word' id='word_1_61' title='bbox 938 577 1090 620; x_wconf 86' lang='lat' dir='ltr'>optime,</span> <span class='ocrx_word' id='word_1_62' title='bbox 1122 588 1215 620; x_wconf 86' lang='lat' dir='ltr'>quae</span> <span class='ocrx_word' id='word_1_63' title='bbox 1249 589 1337 612; x_wconf 90' lang='lat' dir='ltr'>con-</span> 
     </span>
     <span class='ocr_line' id='line_1_9' title="bbox 130 631 1336 680; baseline 0.005 -16"><span class='ocrx_word' id='word_1_64' title='bbox 130 631 338 674; x_wconf 74' lang='lat' dir='ltr'>glutinavit,</span> <span class='ocrx_word' id='word_1_65' title='bbox 373 641 504 666; x_wconf 74' lang='lat' dir='ltr'>natura</span> <span class='ocrx_word' id='word_1_66' title='bbox 538 634 718 668; x_wconf 80' lang='lat' dir='ltr'>dissolvit.</span> <span class='ocrx_word' id='word_1_67' title='bbox 788 635 872 678; x_wconf 84' lang='lat' dir='ltr'>Jam</span> <span class='ocrx_word' id='word_1_68' title='bbox 911 636 1032 669; x_wconf 85' lang='lat' dir='ltr'>omnis</span> <span class='ocrx_word' id='word_1_69' title='bbox 1067 636 1336 680; x_wconf 85' lang='lat' dir='ltr'>conglutinatio</span> 
     </span>
     <span class='ocr_line' id='line_1_10' title="bbox 131 691 1338 737; baseline 0.006 -15"><span class='ocrx_word' id='word_1_70' title='bbox 131 700 260 723; x_wconf 86' lang='lat' dir='ltr'>recens</span> <span class='ocrx_word' id='word_1_71' title='bbox 275 701 395 734; x_wconf 80' lang='lat' dir='ltr'>aegre,</span> <span class='ocrx_word' id='word_1_72' title='bbox 415 691 617 726; x_wconf 84' lang='lat' dir='ltr'>inveterata</span> <span class='ocrx_word' id='word_1_73' title='bbox 631 692 751 733; x_wconf 81' lang='lat' dir='ltr'>facile,</span> <span class='ocrx_word' id='word_1_74' title='bbox 771 693 964 727; x_wconf 82' lang='lat' dir='ltr'>divellitur.</span> <span class='ocrx_word' id='word_1_75' title='bbox 1016 693 1027 712; x_wconf 61' lang='grc' dir='ltr'>ἶ</span> <span class='ocrx_word' id='word_1_76' title='bbox 1043 695 1100 728; x_wconf 83' lang='lat' dir='ltr'>Ita</span> <span class='ocrx_word' id='word_1_77' title='bbox 1118 694 1170 737; x_wconf 87' lang='lat' dir='ltr'>fit,</span> <span class='ocrx_word' id='word_1_78' title='bbox 1188 702 1226 728; x_wconf 91' lang='lat' dir='ltr'>ut</span> <span class='ocrx_word' id='word_1_79' title='bbox 1246 695 1338 729; x_wconf 92' lang='lat' dir='ltr'>illud</span> 
     </span>
     <span class='ocr_line' id='line_1_11' title="bbox 132 747 1336 795; baseline 0.005 -14"><span class='ocrx_word' id='word_1_80' title='bbox 132 747 241 782; x_wconf 71' lang='lat' dir='ltr'>breve</span> <span class='ocrx_word' id='word_1_81' title='bbox 268 749 364 782; x_wconf 86' lang='lat' dir='ltr'>vitae</span> <span class='ocrx_word' id='word_1_82' title='bbox 391 749 571 792; x_wconf 86' lang='lat' dir='ltr'>reliquum</span> <span class='ocrx_word' id='word_1_83' title='bbox 599 762 666 784; x_wconf 89' lang='lat' dir='ltr'>nec</span> <span class='ocrx_word' id='word_1_84' title='bbox 684 751 792 784; x_wconf 76' lang='lat' dir='ltr'>avide</span> <span class='ocrx_word' id='word_1_85' title='bbox 811 752 1065 795; x_wconf 81' lang='lat' dir='ltr'>appetendum</span> <span class='ocrx_word' id='word_1_86' title='bbox 1084 752 1247 795; x_wconf 84' lang='lat' dir='ltr'>senibus,</span> <span class='ocrx_word' id='word_1_87' title='bbox 1266 764 1336 787; x_wconf 89' lang='lat' dir='ltr'>nec</span> 
     </span>
     <span class='ocr_line' id='line_1_12' title="bbox 131 807 1336 861; baseline 0.004 -21"><span class='ocrx_word' id='word_1_88' title='bbox 131 807 211 841; x_wconf 90' lang='lat' dir='ltr'>sine</span> <span class='ocrx_word' id='word_1_89' title='bbox 229 818 342 841; x_wconf 84' lang='lat' dir='ltr'>causa</span> <span class='ocrx_word' id='word_1_90' title='bbox 360 808 609 842; x_wconf 85' lang='lat' dir='ltr'>deserendum</span> <span class='ocrx_word' id='word_1_91' title='bbox 628 809 673 843; x_wconf 88' lang='lat' dir='ltr'>sit</span> <span class='ocrx_word' id='word_1_92' title='bbox 691 822 697 843; x_wconf 74' lang='grc' dir='ltr'><strong><em>ι</em></strong></span> <span class='ocrx_word' id='word_1_93' title='bbox 725 817 898 861; x_wconf 46' lang='grc' dir='ltr'>νεῖρξιῑτμιθ</span> <span class='ocrx_word' id='word_1_94' title='bbox 920 811 1150 854; x_wconf 82' lang='lat' dir='ltr'>Pythagoras</span> <span class='ocrx_word' id='word_1_95' title='bbox 1168 810 1180 829; x_wconf 76' lang='lat'>³</span> <span class='ocrx_word' id='word_1_96' title='bbox 1193 811 1336 856; x_wconf 88' lang='lat' dir='ltr'>injussu</span> 
     </span>
     <span class='ocr_line' id='line_1_13' title="bbox 131 865 1336 912; baseline 0.004 -14"><span class='ocrx_word' id='word_1_97' title='bbox 131 865 376 910; x_wconf 85' lang='lat' dir='ltr'>imperatoris,</span> <span class='ocrx_word' id='word_1_98' title='bbox 411 867 448 900; x_wconf 89' lang='lat' dir='ltr'>id</span> <span class='ocrx_word' id='word_1_99' title='bbox 483 874 538 901; x_wconf 88' lang='lat' dir='ltr'>est</span> <span class='ocrx_word' id='word_1_100' title='bbox 573 868 644 910; x_wconf 92' lang='lat' dir='ltr'>dei,</span> <span class='ocrx_word' id='word_1_101' title='bbox 678 867 725 901; x_wconf 90' lang='lat' dir='ltr'>de</span> <span class='ocrx_word' id='word_1_102' title='bbox 759 868 944 912; x_wconf 85' lang='lat' dir='ltr'>praesidio</span> <span class='ocrx_word' id='word_1_103' title='bbox 979 875 1014 903; x_wconf 89' lang='lat' dir='ltr'>et</span> <span class='ocrx_word' id='word_1_104' title='bbox 1049 869 1209 903; x_wconf 86' lang='lat' dir='ltr'>statione</span> <span class='ocrx_word' id='word_1_105' title='bbox 1238 869 1336 903; x_wconf 88' lang='lat' dir='ltr'>vitae</span> 
     </span>
     <span class='ocr_line' id='line_1_14' title="bbox 131 924 1337 971; baseline 0.002 -13"><span class='ocrx_word' id='word_1_106' title='bbox 131 924 322 959; x_wconf 80' lang='lat' dir='ltr'>decedere.</span> <span class='ocrx_word' id='word_1_107' title='bbox 352 924 367 967; x_wconf 69' lang='grc' dir='ltr'>ξ</span> <span class='ocrx_word' id='word_1_108' title='bbox 384 935 436 968; x_wconf 79' lang='lat'>73.</span> <span class='ocrx_word' id='word_1_109' title='bbox 464 926 611 960; x_wconf 80' lang='lat' dir='ltr'>Solonis</span> <span class='ocrx_word' id='word_1_110' title='bbox 627 927 776 969; x_wconf 90' lang='lat' dir='ltr'>quidem</span> <span class='ocrx_word' id='word_1_111' title='bbox 791 927 983 971; x_wconf 82' lang='lat' dir='ltr'>¹sapientis</span> <span class='ocrx_word' id='word_1_112' title='bbox 996 927 1157 970; x_wconf 83' lang='lat' dir='ltr'>elogium</span> <span class='ocrx_word' id='word_1_113' title='bbox 1168 934 1235 970; x_wconf 90' lang='lat' dir='ltr'>est,</span> <span class='ocrx_word' id='word_1_114' title='bbox 1250 930 1337 970; x_wconf 88' lang='lat' dir='ltr'>²qu0</span> 
     </span>
     <span class='ocr_line' id='line_1_15' title="bbox 131 984 1336 1027; baseline 0.002 -11"><span class='ocrx_word' id='word_1_115' title='bbox 131 993 170 1017; x_wconf 89' lang='lat' dir='ltr'>se</span> <span class='ocrx_word' id='word_1_116' title='bbox 189 991 301 1027; x_wconf 80' lang='lat' dir='ltr'>negat</span> <span class='ocrx_word' id='word_1_117' title='bbox 319 984 411 1018; x_wconf 88' lang='lat' dir='ltr'>velle</span> <span class='ocrx_word' id='word_1_118' title='bbox 431 996 536 1017; x_wconf 84' lang='lat' dir='ltr'>suam</span> <span class='ocrx_word' id='word_1_119' title='bbox 555 992 713 1018; x_wconf 78' lang='lat' dir='ltr'>moi-tem</span> <span class='ocrx_word' id='word_1_120' title='bbox 731 985 858 1018; x_wconf 91' lang='lat' dir='ltr'>dolore</span> <span class='ocrx_word' id='word_1_121' title='bbox 885 985 1090 1018; x_wconf 85' lang='lat' dir='ltr'>amicorum</span> <span class='ocrx_word' id='word_1_122' title='bbox 1108 992 1144 1019; x_wconf 92' lang='lat' dir='ltr'>et</span> <span class='ocrx_word' id='word_1_123' title='bbox 1161 985 1336 1019; x_wconf 90' lang='lat' dir='ltr'>lamentis</span> 
     </span>
    </p>
   </div>
   <div class='ocr_carea' id='block_1_4' title="bbox 134 1042 1338 1134">
    <p class='ocr_par' dir='ltr' id='par_1_4' title="bbox 134 1042 1338 1134">
     <span class='ocr_line' id='line_1_16' title="bbox 134 1042 1338 1086; baseline 0.002 -12"><span class='ocrx_word' id='word_1_124' title='bbox 134 1051 276 1075; x_wconf 85' lang='lat' dir='ltr'>vacare.</span> <span class='ocrx_word' id='word_1_125' title='bbox 332 1042 432 1084; x_wconf 75' lang='lat' dir='ltr'>Volt,</span> <span class='ocrx_word' id='word_1_126' title='bbox 445 1042 584 1086; x_wconf 76' lang='lat' dir='ltr'>3cred0,</span> <span class='ocrx_word' id='word_1_127' title='bbox 600 1054 639 1076; x_wconf 90' lang='lat' dir='ltr'>se</span> <span class='ocrx_word' id='word_1_128' title='bbox 654 1054 737 1077; x_wconf 86' lang='lat' dir='ltr'>esse</span> <span class='ocrx_word' id='word_1_129' title='bbox 751 1054 879 1077; x_wconf 79' lang='lat' dir='ltr'>camin</span> <span class='ocrx_word' id='word_1_130' title='bbox 894 1043 980 1076; x_wconf 88' lang='lat' dir='ltr'>suis.</span> <span class='ocrx_word' id='word_1_131' title='bbox 1025 1043 1100 1077; x_wconf 89' lang='lat' dir='ltr'>Sed</span> <span class='ocrx_word' id='word_1_132' title='bbox 1119 1045 1131 1064; x_wconf 72' lang='lat'><strong>⁴</strong></span> <span class='ocrx_word' id='word_1_133' title='bbox 1144 1043 1244 1077; x_wconf 90' lang='lat' dir='ltr'>haud</span> <span class='ocrx_word' id='word_1_134' title='bbox 1259 1043 1338 1077; x_wconf 91' lang='lat' dir='ltr'>scio</span> 
     </span>
     <span class='ocr_line' id='line_1_17' title="bbox 135 1099 523 1134; baseline 0.005 -2"><span class='ocrx_word' id='word_1_135' title='bbox 135 1110 182 1132; x_wconf 88' lang='lat' dir='ltr'>an</span> <span class='ocrx_word' id='word_1_136' title='bbox 200 1099 333 1133; x_wconf 88' lang='lat' dir='ltr'>melius</span> <span class='ocrx_word' id='word_1_137' title='bbox 354 1100 498 1134; x_wconf 87' lang='lat' dir='ltr'>Ennius</span> <span class='ocrx_word' id='word_1_138' title='bbox 516 1112 523 1134; x_wconf 73' lang='grc' dir='ltr'>ε</span> 
     </span>
    </p>
   </div>
   <div class='ocr_carea' id='block_1_5' title="bbox 177 1188 1160 1295">
    <p class='ocr_par' dir='ltr' id='par_1_5' title="bbox 177 1188 1160 1295">
     <span class='ocr_line' id='line_1_18' title="bbox 253 1188 1160 1235; baseline 0.002 -12"><span class='ocrx_word' id='word_1_139' title='bbox 253 1188 384 1224; x_wconf 79' lang='lat' dir='ltr'>⁵Nemo</span> <span class='ocrx_word' id='word_1_140' title='bbox 402 1202 456 1224; x_wconf 57' lang='lat' dir='ltr'>‘nze</span> <span class='ocrx_word' id='word_1_141' title='bbox 474 1191 645 1225; x_wconf 66' lang='lat' dir='ltr'>lacrimis</span> <span class='ocrx_word' id='word_1_142' title='bbox 661 1191 809 1235; x_wconf 61' lang='lat' dir='ltr'>decoret,</span> <span class='ocrx_word' id='word_1_143' title='bbox 832 1203 891 1225; x_wconf 76' lang='lat' dir='ltr'>nec</span> <span class='ocrx_word' id='word_1_144' title='bbox 908 1191 1048 1235; x_wconf 64' lang='lat' dir='ltr'>funera</span> <span class='ocrx_word' id='word_1_145' title='bbox 1065 1191 1160 1235; x_wconf 70' lang='lat' dir='ltr'>fletu</span> 
     </span>
     <span class='ocr_line' id='line_1_19' title="bbox 177 1248 573 1295; baseline 0.005 -11"><span class='ocrx_word' id='word_1_146' title='bbox 177 1248 263 1293; x_wconf 47' lang='lat' dir='ltr'>-L—:j</span> <span class='ocrx_word' id='word_1_147' title='bbox 272 1250 395 1285; x_wconf 49' lang='lat' dir='ltr'>Fami&amp;</span> <span class='ocrx_word' id='word_1_148' title='bbox 437 1266 445 1295; x_wconf 78' lang='lat'>‚¹</span> <span class='ocrx_word' id='word_1_149' title='bbox 459 1274 467 1283; x_wconf 43' lang='grc' dir='ltr'><strong>ι</strong></span> <span class='ocrx_word' id='word_1_150' title='bbox 480 1273 504 1285; x_wconf 52' lang='lat'><em>0</em></span> <span class='ocrx_word' id='word_1_151' title='bbox 517 1253 573 1286; x_wconf 50' lang='grc' dir='ltr'>υἱ</span> 
     </span>
    </p>
   </div>
   <div class='ocr_carea' id='block_1_6' title="bbox 133 1341 1340 2146">
    <p class='ocr_par' dir='ltr' id='par_1_6' title="bbox 133 1341 1340 2146">
     <span class='ocr_line' id='line_1_20' title="bbox 137 1341 1339 1389; baseline -0.001 -12"><span class='ocrx_word' id='word_1_152' title='bbox 137 1344 226 1377; x_wconf 92' lang='lat' dir='ltr'>Non</span> <span class='ocrx_word' id='word_1_153' title='bbox 254 1352 380 1378; x_wconf 88' lang='lat' dir='ltr'>censet</span> <span class='ocrx_word' id='word_1_154' title='bbox 406 1345 607 1389; x_wconf 82' lang='lat' dir='ltr'>lugendam</span> <span class='ocrx_word' id='word_1_155' title='bbox 634 1356 716 1379; x_wconf 90' lang='lat' dir='ltr'>esse</span> <span class='ocrx_word' id='word_1_156' title='bbox 734 1351 904 1386; x_wconf 88' lang='lat' dir='ltr'>mortem,</span> <span class='ocrx_word' id='word_1_157' title='bbox 925 1341 1054 1386; x_wconf 74' lang='lat' dir='ltr'>⁵quam</span> <span class='ocrx_word' id='word_1_158' title='bbox 1078 1343 1339 1377; x_wconf 86' lang='lat' dir='ltr'>immortalitas</span> 
     </span>
     <span class='ocr_line' id='line_1_21' title="bbox 133 1401 1340 1447; baseline -0.001 -11"><span class='ocrx_word' id='word_1_159' title='bbox 133 1410 390 1445; x_wconf 86' lang='lat' dir='ltr'>consequatur.</span> <span class='ocrx_word' id='word_1_160' title='bbox 419 1401 502 1444; x_wconf 64' lang='lat'>§74</span> <span class='ocrx_word' id='word_1_161' title='bbox 517 1403 612 1447; x_wconf 82' lang='lat' dir='ltr'>¹Jam</span> <span class='ocrx_word' id='word_1_162' title='bbox 626 1414 757 1436; x_wconf 89' lang='lat' dir='ltr'>sensus</span> <span class='ocrx_word' id='word_1_163' title='bbox 768 1402 950 1436; x_wconf 89' lang='lat' dir='ltr'>moriendi</span> <span class='ocrx_word' id='word_1_164' title='bbox 963 1402 1095 1444; x_wconf 87' lang='lat' dir='ltr'>aliquis</span> <span class='ocrx_word' id='word_1_165' title='bbox 1108 1413 1190 1436; x_wconf 91' lang='lat' dir='ltr'>esse</span> <span class='ocrx_word' id='word_1_166' title='bbox 1203 1407 1340 1446; x_wconf 89' lang='lat' dir='ltr'>potest,</span> 
     </span>
     <span class='ocr_line' id='line_1_22' title="bbox 133 1460 1336 1505; baseline -0.001 -11"><span class='ocrx_word' id='word_1_167' title='bbox 133 1461 237 1504; x_wconf 88' lang='lat' dir='ltr'>isque</span> <span class='ocrx_word' id='word_1_168' title='bbox 263 1462 311 1494; x_wconf 86' lang='lat' dir='ltr'>ad</span> <span class='ocrx_word' id='word_1_169' title='bbox 329 1461 503 1505; x_wconf 82' lang='lat' dir='ltr'>exiguum</span> <span class='ocrx_word' id='word_1_170' title='bbox 521 1468 680 1505; x_wconf 89' lang='lat' dir='ltr'>tempus,</span> <span class='ocrx_word' id='word_1_171' title='bbox 699 1460 917 1505; x_wconf 85' lang='lat' dir='ltr'>praesertim</span> <span class='ocrx_word' id='word_1_172' title='bbox 941 1460 1019 1494; x_wconf 63' lang='lat' dir='ltr'>seni</span> <span class='ocrx_word' id='word_1_173' title='bbox 1040 1473 1047 1494; x_wconf 94' lang='lat'>:</span> <span class='ocrx_word' id='word_1_174' title='bbox 1073 1466 1157 1504; x_wconf 91' lang='lat' dir='ltr'>post</span> <span class='ocrx_word' id='word_1_175' title='bbox 1177 1466 1336 1494; x_wconf 90' lang='lat' dir='ltr'>mortem</span> 
     </span>
     <span class='ocr_line' id='line_1_23' title="bbox 133 1507 1335 1563; baseline -0.002 -10"><span class='ocrx_word' id='word_1_176' title='bbox 133 1519 283 1562; x_wconf 86' lang='lat' dir='ltr'>quidem</span> <span class='ocrx_word' id='word_1_177' title='bbox 309 1522 455 1554; x_wconf 82' lang='lat' dir='ltr'>²sensus</span> <span class='ocrx_word' id='word_1_178' title='bbox 481 1527 544 1553; x_wconf 89' lang='lat' dir='ltr'>aut</span> <span class='ocrx_word' id='word_1_179' title='bbox 564 1519 750 1563; x_wconf 81' lang='lat' dir='ltr'>optandus</span> <span class='ocrx_word' id='word_1_180' title='bbox 776 1526 838 1552; x_wconf 85' lang='lat' dir='ltr'>aut</span> <span class='ocrx_word' id='word_1_181' title='bbox 867 1507 987 1551; x_wconf 67' lang='lat' dir='ltr'>nu⁹lliis</span> <span class='ocrx_word' id='word_1_182' title='bbox 1014 1524 1080 1552; x_wconf 85' lang='lat' dir='ltr'>est.</span> <span class='ocrx_word' id='word_1_183' title='bbox 1134 1518 1236 1552; x_wconf 79' lang='lat' dir='ltr'>³Sed</span> <span class='ocrx_word' id='word_1_184' title='bbox 1262 1517 1335 1552; x_wconf 91' lang='lat' dir='ltr'>hoc</span> 
     </span>
     <span class='ocr_line' id='line_1_24' title="bbox 133 1575 1338 1620; baseline -0.002 -9"><span class='ocrx_word' id='word_1_185' title='bbox 133 1578 355 1612; x_wconf 78' lang='lat' dir='ltr'>meditatum</span> <span class='ocrx_word' id='word_1_186' title='bbox 381 1578 428 1612; x_wconf 87' lang='lat' dir='ltr'>ab</span> <span class='ocrx_word' id='word_1_187' title='bbox 455 1577 710 1612; x_wconf 82' lang='lat' dir='ltr'>adulescentia</span> <span class='ocrx_word' id='word_1_188' title='bbox 735 1577 845 1611; x_wconf 90' lang='lat' dir='ltr'>debet</span> <span class='ocrx_word' id='word_1_189' title='bbox 873 1588 966 1617; x_wconf 88' lang='lat' dir='ltr'>esse,</span> <span class='ocrx_word' id='word_1_190' title='bbox 984 1583 1142 1610; x_wconf 84' lang='lat' dir='ltr'>mortem</span> <span class='ocrx_word' id='word_1_191' title='bbox 1164 1584 1204 1610; x_wconf 90' lang='lat' dir='ltr'>ut</span> <span class='ocrx_word' id='word_1_192' title='bbox 1223 1575 1338 1620; x_wconf 89' lang='lat' dir='ltr'>negli-</span> 
     </span>
     <span class='ocr_line' id='line_1_25' title="bbox 135 1634 1337 1682; baseline -0.002 -13"><span class='ocrx_word' id='word_1_193' title='bbox 135 1646 267 1680; x_wconf 87' lang='lat' dir='ltr'>gamus</span> <span class='ocrx_word' id='word_1_194' title='bbox 286 1648 294 1677; x_wconf 91' lang='lat'>;</span> <span class='ocrx_word' id='word_1_195' title='bbox 322 1636 400 1669; x_wconf 89' lang='lat' dir='ltr'>sine</span> <span class='ocrx_word' id='word_1_196' title='bbox 420 1646 490 1678; x_wconf 84' lang='lat' dir='ltr'>qua</span> <span class='ocrx_word' id='word_1_197' title='bbox 508 1635 750 1682; x_wconf 85' lang='lat' dir='ltr'>meditatione</span> <span class='ocrx_word' id='word_1_198' title='bbox 769 1634 966 1679; x_wconf 84' lang='lat' dir='ltr'>tranquillo</span> <span class='ocrx_word' id='word_1_199' title='bbox 986 1645 1067 1668; x_wconf 88' lang='lat' dir='ltr'>esse</span> <span class='ocrx_word' id='word_1_200' title='bbox 1082 1634 1207 1668; x_wconf 88' lang='lat' dir='ltr'>animo</span> <span class='ocrx_word' id='word_1_201' title='bbox 1226 1645 1337 1668; x_wconf 88' lang='lat' dir='ltr'>nemo</span> 
     </span>
     <span class='ocr_line' id='line_1_26' title="bbox 135 1678 1336 1738; baseline -0.002 -11"><span class='ocrx_word' id='word_1_202' title='bbox 135 1702 268 1738; x_wconf 89' lang='lat' dir='ltr'>potest.</span> <span class='ocrx_word' id='word_1_203' title='bbox 323 1678 687 1728; x_wconf 51' lang='lat' dir='ltr'>Morieffidffib‘ffiffi&#39;</span> <span class='ocrx_word' id='word_1_204' title='bbox 706 1700 804 1727; x_wconf 86' lang='lat' dir='ltr'>certe</span> <span class='ocrx_word' id='word_1_205' title='bbox 823 1700 878 1727; x_wconf 88' lang='lat' dir='ltr'>est</span> <span class='ocrx_word' id='word_1_206' title='bbox 897 1705 905 1734; x_wconf 90' lang='grc'>;</span> <span class='ocrx_word' id='word_1_207' title='bbox 932 1700 967 1726; x_wconf 91' lang='lat' dir='ltr'>et</span> <span class='ocrx_word' id='word_1_208' title='bbox 995 1692 1031 1726; x_wconf 90' lang='lat' dir='ltr'>id</span> <span class='ocrx_word' id='word_1_209' title='bbox 1049 1692 1269 1735; x_wconf 67' lang='lat' dir='ltr'>4incertum,</span> <span class='ocrx_word' id='word_1_210' title='bbox 1287 1703 1336 1726; x_wconf 92' lang='lat' dir='ltr'>an</span> 
     </span>
     <span class='ocr_line' id='line_1_27' title="bbox 133 1750 1338 1797; baseline -0.002 -11"><span class='ocrx_word' id='word_1_211' title='bbox 133 1753 204 1786; x_wconf 93' lang='lat' dir='ltr'>hoc</span> <span class='ocrx_word' id='word_1_212' title='bbox 224 1752 305 1797; x_wconf 90' lang='lat' dir='ltr'>ipso</span> <span class='ocrx_word' id='word_1_213' title='bbox 323 1752 392 1786; x_wconf 88' lang='lat' dir='ltr'>die.</span> <span class='ocrx_word' id='word_1_214' title='bbox 448 1753 609 1786; x_wconf 81' lang='lat' dir='ltr'>Mortem</span> <span class='ocrx_word' id='word_1_215' title='bbox 628 1752 737 1796; x_wconf 77' lang='lat' dir='ltr'>igitur</span> <span class='ocrx_word' id='word_1_216' title='bbox 755 1751 927 1785; x_wconf 88' lang='lat' dir='ltr'>omnibus</span> <span class='ocrx_word' id='word_1_217' title='bbox 942 1750 1043 1784; x_wconf 88' lang='lat' dir='ltr'>horis</span> <span class='ocrx_word' id='word_1_218' title='bbox 1058 1750 1338 1795; x_wconf 89' lang='lat' dir='ltr'>impendentem</span> 
     </span>
     <span class='ocr_line' id='line_1_28' title="bbox 136 1806 1337 1854; baseline -0.001 -12"><span class='ocrx_word' id='word_1_219' title='bbox 136 1809 270 1843; x_wconf 86' lang='lat' dir='ltr'>timens</span> <span class='ocrx_word' id='word_1_220' title='bbox 290 1809 349 1852; x_wconf 91' lang='lat' dir='ltr'>qui</span> <span class='ocrx_word' id='word_1_221' title='bbox 369 1809 503 1854; x_wconf 91' lang='lat' dir='ltr'>poterit</span> <span class='ocrx_word' id='word_1_222' title='bbox 524 1809 648 1843; x_wconf 87' lang='lat' dir='ltr'>animo</span> <span class='ocrx_word' id='word_1_223' title='bbox 668 1808 898 1843; x_wconf 85' lang='lat' dir='ltr'>consistere?</span> <span class='ocrx_word' id='word_1_224' title='bbox 948 1806 966 1849; x_wconf 61' lang='grc' dir='ltr'>ἓ</span> <span class='ocrx_word' id='word_1_225' title='bbox 984 1816 1038 1851; x_wconf 86' lang='grc'>75.</span> <span class='ocrx_word' id='word_1_226' title='bbox 1074 1809 1131 1842; x_wconf 87' lang='lat' dir='ltr'>De</span> <span class='ocrx_word' id='word_1_227' title='bbox 1150 1818 1222 1851; x_wconf 85' lang='lat' dir='ltr'>qua</span> <span class='ocrx_word' id='word_1_228' title='bbox 1247 1808 1337 1841; x_wconf 82' lang='lat' dir='ltr'>lnon</span> 
     </span>
     <span class='ocr_line' id='line_1_29' title="bbox 135 1866 1340 1912; baseline -0.001 -11"><span class='ocrx_word' id='word_1_229' title='bbox 135 1866 188 1902; x_wconf 86' lang='lat' dir='ltr'>ita</span> <span class='ocrx_word' id='word_1_230' title='bbox 212 1868 324 1912; x_wconf 83' lang='lat' dir='ltr'>longa</span> <span class='ocrx_word' id='word_1_231' title='bbox 342 1868 595 1912; x_wconf 83' lang='lat' dir='ltr'>disputatione</span> <span class='ocrx_word' id='word_1_232' title='bbox 621 1879 714 1911; x_wconf 90' lang='lat' dir='ltr'>opus</span> <span class='ocrx_word' id='word_1_233' title='bbox 733 1878 815 1901; x_wconf 85' lang='lat' dir='ltr'>esse</span> <span class='ocrx_word' id='word_1_234' title='bbox 834 1867 989 1909; x_wconf 80' lang='lat' dir='ltr'>videtur,</span> <span class='ocrx_word' id='word_1_235' title='bbox 1008 1866 1133 1909; x_wconf 84' lang='lat' dir='ltr'>²quum</span> <span class='ocrx_word' id='word_1_236' title='bbox 1153 1866 1340 1910; x_wconf 87' lang='lat' dir='ltr'>recordor,</span> 
     </span>
     <span class='ocr_line' id='line_1_30' title="bbox 134 1925 1337 1969; baseline -0.001 -10"><span class='ocrx_word' id='word_1_237' title='bbox 134 1937 211 1959; x_wconf 89' lang='lat' dir='ltr'>non</span> <span class='ocrx_word' id='word_1_238' title='bbox 240 1927 278 1959; x_wconf 94' lang='lat' dir='ltr'>L.</span> <span class='ocrx_word' id='word_1_239' title='bbox 308 1927 475 1969; x_wconf 85' lang='lat' dir='ltr'>Brutum,</span> <span class='ocrx_word' id='word_1_240' title='bbox 494 1926 553 1969; x_wconf 90' lang='lat' dir='ltr'>qui</span> <span class='ocrx_word' id='word_1_241' title='bbox 582 1926 619 1959; x_wconf 89' lang='lat' dir='ltr'>in</span> <span class='ocrx_word' id='word_1_242' title='bbox 645 1926 838 1960; x_wconf 83' lang='lat' dir='ltr'>liberanda</span> <span class='ocrx_word' id='word_1_243' title='bbox 865 1925 983 1969; x_wconf 80' lang='lat' dir='ltr'>patria</span> <span class='ocrx_word' id='word_1_244' title='bbox 1010 1932 1066 1958; x_wconf 89' lang='lat' dir='ltr'>est</span> <span class='ocrx_word' id='word_1_245' title='bbox 1093 1925 1337 1967; x_wconf 87' lang='lat' dir='ltr'>inte1·fectus;</span> 
     </span>
     <span class='ocr_line' id='line_1_31' title="bbox 136 1981 1340 2027; baseline -0.001 -10"><span class='ocrx_word' id='word_1_246' title='bbox 136 1995 212 2017; x_wconf 93' lang='lat' dir='ltr'>non</span> <span class='ocrx_word' id='word_1_247' title='bbox 247 1984 340 2018; x_wconf 92' lang='lat' dir='ltr'>duos</span> <span class='ocrx_word' id='word_1_248' title='bbox 375 1984 524 2025; x_wconf 81' lang='lat' dir='ltr'>Decios,</span> <span class='ocrx_word' id='word_1_249' title='bbox 554 1984 614 2027; x_wconf 90' lang='lat' dir='ltr'>qui</span> <span class='ocrx_word' id='word_1_250' title='bbox 642 1984 690 2017; x_wconf 84' lang='lat' dir='ltr'>ad</span> <span class='ocrx_word' id='word_1_251' title='bbox 720 1983 967 2017; x_wconf 88' lang='lat' dir='ltr'>voluntariam</span> <span class='ocrx_word' id='word_1_252' title='bbox 994 1989 1150 2017; x_wconf 87' lang='lat' dir='ltr'>mortem</span> <span class='ocrx_word' id='word_1_253' title='bbox 1176 1981 1340 2016; x_wconf 82' lang='lat' dir='ltr'>³cursum</span> 
     </span>
     <span class='ocr_line' id='line_1_32' title="bbox 136 2040 1339 2086; baseline -0.002 -9"><span class='ocrx_word' id='word_1_254' title='bbox 136 2052 316 2086; x_wconf 86' lang='lat' dir='ltr'>equorum</span> <span class='ocrx_word' id='word_1_255' title='bbox 342 2043 614 2084; x_wconf 77' lang='lat' dir='ltr'>incitaverunt3</span> <span class='ocrx_word' id='word_1_256' title='bbox 657 2054 732 2076; x_wconf 89' lang='lat' dir='ltr'>non</span> <span class='ocrx_word' id='word_1_257' title='bbox 764 2043 813 2075; x_wconf 83' lang='lat' dir='ltr'>M.</span> <span class='ocrx_word' id='word_1_258' title='bbox 843 2041 1009 2083; x_wconf 87' lang='lat' dir='ltr'>Atilium,</span> <span class='ocrx_word' id='word_1_259' title='bbox 1039 2041 1099 2084; x_wconf 88' lang='lat' dir='ltr'>qui</span> <span class='ocrx_word' id='word_1_260' title='bbox 1125 2040 1173 2074; x_wconf 89' lang='lat' dir='ltr'>ad</span> <span class='ocrx_word' id='word_1_261' title='bbox 1199 2041 1339 2086; x_wconf 91' lang='lat' dir='ltr'>suppli-</span> 
     </span>
     <span class='ocr_line' id='line_1_33' title="bbox 135 2100 1338 2146; baseline -0.002 -12"><span class='ocrx_word' id='word_1_262' title='bbox 135 2101 235 2135; x_wconf 88' lang='lat' dir='ltr'>cium</span> <span class='ocrx_word' id='word_1_263' title='bbox 254 2109 309 2135; x_wconf 85' lang='lat' dir='ltr'>est</span> <span class='ocrx_word' id='word_1_264' title='bbox 328 2101 526 2146; x_wconf 85' lang='lat' dir='ltr'>profectus,</span> <span class='ocrx_word' id='word_1_265' title='bbox 540 2108 579 2135; x_wconf 85' lang='lat' dir='ltr'>ut</span> <span class='ocrx_word' id='word_1_266' title='bbox 595 2101 708 2135; x_wconf 86' lang='lat' dir='ltr'>fidem</span> <span class='ocrx_word' id='word_1_267' title='bbox 722 2100 819 2134; x_wconf 89' lang='lat' dir='ltr'>hosti</span> <span class='ocrx_word' id='word_1_268' title='bbox 835 2100 962 2134; x_wconf 89' lang='lat' dir='ltr'>datam</span> <span class='ocrx_word' id='word_1_269' title='bbox 976 2107 1212 2134; x_wconf 80' lang='lat' dir='ltr'>conservaret</span> <span class='ocrx_word' id='word_1_270' title='bbox 1226 2112 1235 2140; x_wconf 92' lang='lat'>;</span> <span class='ocrx_word' id='word_1_271' title='bbox 1261 2109 1338 2133; x_wconf 90' lang='lat' dir='ltr'>non</span> 
     </span>
    </p>
   </div>
   <div class='ocr_carea' id='block_1_7' title="bbox 137 2157 1338 2204">
    <p class='ocr_par' dir='ltr' id='par_1_7' title="bbox 137 2157 1338 2204">
     <span class='ocr_line' id='line_1_34' title="bbox 137 2157 1338 2204; baseline -0.002 -10"><span class='ocrx_word' id='word_1_272' title='bbox 137 2159 231 2194; x_wconf 87' lang='lat' dir='ltr'>duos</span> <span class='ocrx_word' id='word_1_273' title='bbox 275 2160 482 2204; x_wconf 86' lang='lat' dir='ltr'>Scipiones,</span> <span class='ocrx_word' id='word_1_274' title='bbox 524 2160 585 2203; x_wconf 87' lang='lat' dir='ltr'>qui</span> <span class='ocrx_word' id='word_1_275' title='bbox 627 2160 696 2195; x_wconf 88' lang='lat' dir='ltr'>iter</span> <span class='ocrx_word' id='word_1_276' title='bbox 731 2159 866 2194; x_wconf 89' lang='lat' dir='ltr'>Poenis</span> <span class='ocrx_word' id='word_1_277' title='bbox 900 2159 958 2193; x_wconf 87' lang='lat' dir='ltr'>vel</span> <span class='ocrx_word' id='word_1_278' title='bbox 1000 2158 1218 2203; x_wconf 87' lang='lat' dir='ltr'>corporibus</span> <span class='ocrx_word' id='word_1_279' title='bbox 1260 2157 1338 2192; x_wconf 90' lang='lat' dir='ltr'>suis</span> 
     </span>
    </p>
   </div>
   <div class='ocr_carea' id='block_1_8' title="bbox 910 2210 981 2223">
    <p class='ocr_par' dir='ltr' id='par_1_8' title="bbox 910 2210 981 2223">
     <span class='ocr_line' id='line_1_35' title="bbox 910 2210 981 2223; baseline -0.014 0"><span class='ocrx_word' id='word_1_280' title='bbox 910 2210 981 2223; x_wconf 49' lang='lat' dir='ltr'>‘r‘</span> 
     </span>
    </p>
   </div>
   <div class='ocr_carea' id='block_1_9' title="bbox 1356 1575 1495 1612">
    <p class='ocr_par' dir='ltr' id='par_1_9' title="bbox 1356 1575 1495 1612">
     <span class='ocr_line' id='line_1_36' title="bbox 1356 1575 1495 1612; baseline -0.014 -2"><span class='ocrx_word' id='word_1_281' title='bbox 1356 1584 1401 1610; x_wconf 61' lang='lat' dir='ltr'>N).</span> <span class='ocrx_word' id='word_1_282' title='bbox 1405 1575 1439 1608; x_wconf 46' lang='lat'>323</span> <span class='ocrx_word' id='word_1_283' title='bbox 1445 1593 1495 1612; x_wconf 68' lang='lat' dir='ltr'>mu</span> 
     </span>
    </p>
   </div>
   <div class='ocr_carea' id='block_1_10' title="bbox 1487 2181 1495 2370">
    <p class='ocr_par' dir='ltr' id='par_1_10' title="bbox 1487 2181 1495 2370">
     <span class='ocr_line' id='line_1_37' title="bbox 1487 2181 1495 2370; textangle 90"><span class='ocrx_word' id='word_1_284' title='bbox 1487 2284 1495 2370; x_wconf 58' lang='lat' dir='ltr'>an-—.„</span> <span class='ocrx_word' id='word_1_285' title='bbox 1491 2240 1495 2263; x_wconf 86' lang='lat'>.-</span> <span class='ocrx_word' id='word_1_286' title='bbox 1489 2181 1495 2219; x_wconf 75' lang='lat'>1.-</span> 
     </span>
    </p>
   </div>
  </div>
 </body>
</html>
