1460 2386
403 120 505 147 oxro
536 120 668 146 MAJOR
697 120 750 146 m:
779 120 1024 147 sasacru‘rss.
1264 112 1310 149 21

110 217 300 254 claviculis
326 217 402 252 suis
431 217 536 262 quasi
569 217 753 268 manibus,
772 217 952 263 quidquid
983 225 1037 252 est
1067 225 1187 259 nacta,
1214 231 1313 254 com-

110 276 295 322 plectitur,
319 276 447 321 ⁸quam
479 282 689 319 serpentem
725 275 916 320 multiplici
951 276 1054 320 lapsu
1083 284 1116 310 et
1144 278 1314 321 erratico,

108 334 205 369 ferro
222 342 421 383 amputans
440 340 584 380 coe—rect
611 344 671 367 ars
690 334 948 377 agricolarum.
969 345 1014 368 nc
1041 334 1210 368 silvescat
1240 347 1313 384 sar-

108 392 245 428 mentis
262 392 353 427 etin
373 403 502 426 omnes
531 399 652 435 partes
681 392 794 425 nimia
813 391 998 426 fundatur.
1052 390 1068 436 ξ
1093 401 1144 435 53.
1183 393 1312 437 ltaque

106 451 256 502 ine—u-nte
271 463 365 494 vere,
380 452 428 484 ¹in
448 451 500 485 cis
515 462 610 495 quae
626 451 750 497 relicta
767 458 863 493 sunt,
879 450 1034 485 ²exsistit
1055 458 1244 495 tamquam
1261 451 1310 485 ad

106 510 282 545 articulos
317 517 571 544 samentorum
605 520 648 543 ea
683 520 778 554 quae
812 521 950 553 (leti-im«-
983 509 1143 549 dicitur3
1185 521 1207 542 a
1241 521 1314 554 qua

107 566 245 604 ⁸0riens
264 580 335 603 uva
350 580 431 603 sese
447 569 623 611 ostendit,
642 580 736 614 quae
752 576 786 603 et
803 580 891 602 suco
906 577 1024 603 terrae
1039 575 1074 603 et
1089 568 1210 602 calore
1225 569 1314 603 solis

105 614 310 671 augescens
338 627 455 672 primo
474 635 529 661 est
557 627 757 671 peracerba
774 634 938 671 gustatu,
956 625 1106 660 ⁴deinde
1127 634 1311 661 maturata

106 684 299 728 dulcescit,
333 685 540 736 vestitaque
572 685 758 730 pampinis
791 697 858 720 nec
885 685 1034 719 modico
1060 692 1187 732 tepore
1213 692 1312 719 caret

105 750 141 777 et
162 743 296 777 nimios
322 743 410 777 solis
441 743 607 777 defendit
635 743 787 777 ardores
849 743 948 787 ⁵Qua
967 742 1055 787 quid
1076 749 1198 787 potest
1217 754 1314 786 esse,

107 812 221 847 quum
236 801 353 836 fructu
368 801 510 841 laetius,
528 810 605 835 tum
624 809 779 845 aspectu
794 801 1004 845 pulchrius?
1033 801 1146 845 Cujus
1161 801 1312 845 quidem

106 871 180 894 non
207 860 346 894 utilitas
365 870 424 894 me
450 859 582 902 solum,
602 867 639 893 ut
659 867 744 894 ante
772 859 860 902 dixi,
878 859 944 894 sed
969 859 1083 894 etiam
1110 859 1252 892 cultura
1277 866 1313 894 et

105 918 187 963 ipsa
218 926 349 953 natura
375 918 562 952 delectat:
597 918 910 952 adminiculorum
940 917 1103 958 ordines,
1132 917 1311 962 ⁶capitum

100 976 255 1021 jugatio,
285 976 452 1020 religatio
480 984 514 1011 et
550 976 770 1020 propagatio
795 971 936 1024 vitium,
964 982 1313 1021 sarmentorumque

102 1045 158 1078 ea,
170 1045 284 1079 quam
298 1034 550 1076 dixi,aliorum
563 1031 951 1078 amputatio,'·aliorum
963 1033 1169 1068 ⁷immissio.
1211 1034 1311 1078 Quid

104 1103 174 1137 ego
201 1092 446 1136 irrigationes,
476 1092 565 1137 quid
594 1092 777 1126 fossiones
807 1093 885 1135 agri
911 1091 1312 1137 ⁸repastinationesque

103 1150 300 1196 proferam,
318 1150 452 1196 quibus
469 1151 506 1185 fit
522 1151 638 1184 multo
653 1158 749 1185 terra
764 1151 982 1185 fecundior?
1031 1150 1048 1193 ἓ
1069 1159 1120 1194 54.
1151 1151 1250 1195 Quid
1265 1151 1311 1186 de

102 1210 261 1246 utilitate
291 1210 423 1254 loquar
449 1211 708 1245 stercorandi?
764 1211 847 1245 Dixi
866 1211 902 1244 in
930 1221 975 1245 eo
996 1210 1103 1250 libro.
1121 1222 1232 1256 quem
1252 1209 1311 1246 ¹de

109 1268 237 1304 Rebus
273 1269 436 1303 Rusticis
471 1269 628 1314 scripsi:
673 1269 719 1303 de
754 1281 827 1314 qua
863 1269 1012 1303 2'doctus
1041 1269 1232 1303 Hesiodus
1265 1279 1313 1304 ne

109 1327 264 1362 verbum
293 1327 445 1373 quidem
475 1328 575 1371 fecit,
604 1328 734 1373 ³quum
769 1328 816 1362 cle
847 1328 990 1362 cultura
1015 1327 1093 1372 agri
1121 1327 1311 1363 scriberet.

107 1387 157 1421 At
173 1387 371 1430 Homerus,
384 1387 445 1432 qui
460 1387 613 1427 *multia
628 1394 665 1421 ut
681 1387 770 1420 mihi
789 1387 944 1428 videtur,
958 1394 1044 1421 ante
1060 1387 1216 1421 saeculis
1232 1387 1313 1431 fuit,

105 1443 280 1478 ⁵Laerten
315 1445 516 1479 lenientem
551 1445 789 1493 desiderium,
821 1445 919 1487 quod
951 1445 1121 1489 capiebat
1156 1456 1177 1480 e
1226 1445 1312 1489 filio,

107 1502 294 1537 colentem
321 1514 464 1547 agrum,
490 1510 526 1538 et
553 1514 637 1537 eum
665 1510 933 1538 stercorantem
963 1503 1061 1537 facit.
1117 1504 1197 1537 Nec
1225 1514 1311 1538 vero

107 1561 295 1605 segetibus
315 1562 433 1596 solum
449 1569 483 1596 et
504 1562 619 1606 pratis
638 1569 673 1596 ct
692 1561 809 1595 vineis
828 1569 862 1595 et
880 1561 1042 1595 arbustis
1059 1560 1133 1595 “res
1152 1561 1311 1596 rusticae

105 1619 224 1654 laetae
251 1628 348 1664 sunt,
375 1621 440 1655 sed
467 1621 577 1655 etiam
599 1620 714 1654 hortis
742 1628 777 1655 et
804 1620 993 1664 pomariis,
1019 1627 1097 1654 tum
1124 1621 1309 1664 pecudum

106 1685 228 1722 pastu,
245 1679 372 1723 apium
391 1679 635 1721 examinibus,
655 1678 785 1712 florum
801 1679 967 1712 omnium
987 1679 1175 1712 varietate.
1230 1679 1310 1714 Nec

103 1737 330 1772 consitiones
357 1738 469 1772 modo
499 1738 699 1778 delectant,
718 1737 916 1772 sedetiam
943 1737 1149 1775 insitiones,
1176 1737 1308 1780 quibus

106 1794 197 1828 nihil
217 1795 355 1829 invenit
373 1795 452 1840 agri
471 1796 613 1829 cultura
632 1795 827 1829 sollertius.

153 1888 328 1934 XV1.-§
360 1898 413 1933 55.
453 1888 624 1923 ¹Possum
669 1889 841 1934 persequi
884 1889 1001 1923 multa
1035 1889 1310 1924 oblectamenta

106 1957 228 1981 rerum
256 1947 502 1987 rusticarum;
538 1947 603 1980 sed
639 1958 682 1992 ea
718 1947 798 1990 ipsa
824 1957 919 1991 quae
950 1946 1023 1980 dixi
1049 1947 1167 1980 sentio
1197 1947 1311 1982 fuisse

104 2003 284 2049 longiora.
336 2005 564 2051 ²[giioscetis
583 2013 727 2039 autem:
757 2015 844 2038 nam
863 2013 897 2039 et
917 2005 1041 2038 studio
1062 2016 1183 2039 rerum
1204 2006 1310 2040 rusti-

107 2073 235 2097 carum
261 2071 457 2111 provectus
489 2074 583 2103 sum,
609 2070 644 2096 ct
672 2070 844 2101 senectus
871 2070 926 2097 est
954 2071 1086 2097 natura
1105 2063 1310 2108 loquacior,

103 2117 165 2154 ³ne
183 2121 230 2154 ab
250 2121 423 2154 omnibus
441 2132 524 2155 eam
544 2120 641 2155 vitiis
663 2121 788 2155 videar
806 2120 1005 2154 vindicare.
1053 2121 1151 2164 lii-go
1173 2120 1219 2154 'in
1241 2122 1309 2156 hac

104 2177 183 2213 vita
215 2178 276 2212 Μ’.
314 2179 458 2222 Curius,
492 2190 606 2224 quum
642 2178 688 2213 de
725 2178 968 2222 Samnitibus,
994 2178 1041 2213 de
1077 2179 1239 2223 Sabinis,
1264 2180 1310 2214 de
