1460 2386
391 102 493 129 cA'ro
522 101 655 129 MAJon
685 103 738 129 DE
767 102 1010 129 sii-:sacrum
1252 89 1301 126 25

101 200 332 237 domicilium
359 200 586 235 senectutis:
613 211 794 244 nusquam
825 200 924 235 enim
956 206 1098 234 tantum
1132 197 1302 232 tribuitur

102 259 228 302 aetati,
253 268 435 302 nusquam
466 265 522 292 est
557 266 728 292 senectus
756 258 980 291 honoratior.
1039 256 1154 300 ‘Quin
1190 255 1302 289 etiam

102 316 320 353 ‘memoriae
343 316 529 362 proditum
557 324 625 359 est,
643 326 755 360 quum
782 316 937 351 Athenis
969 315 1064 349 ludis
1095 313 1245 357 quidam
1267 313 1301 345 in

102 375 288 411 theatrum
312 374 464 419 grandis
492 382 579 408 natu
607 375 779 418 venisset,
797 373 949 418 “magno
975 384 1152 407 consessu
1180 372 1301 405 locum

103 433 235 469 datum
261 445 284 468 a
311 433 387 468 suis
404 433 547 467 civibus
567 443 749 476 nusquam
769 433 814 475 ei,
840 444 951 476 quum
979 440 1103 466 autem
1122 430 1169 464 ad
1192 430 1303 463 Lace-

103 491 322 526 daemonios
347 491 578 531 accessisset,
595 491 681 534 ⁷qui,
705 492 814 535 legati
835 502 945 534 quum
975 497 1111 531 essent,
1137 496 1237 522 certo
1267 487 1303 521 in

104 550 188 584 loco
220 549 478 591 consederant,
502 548 793 584 '’consurrexisse
828 560 958 583 omnes
986 548 1035 582 illi
1065 548 1238 581 dicuntur
1268 554 1303 580 et

102 608 246 643 ⁹senem
261 607 363 641 illum
375 618 519 641 sessum
533 607 726 652 recepisse.
755 607 840 649 564.
857 607 1000 651 Quibus
1009 617 1121 649 quum
1136 617 1157 638 a
1169 613 1303 638 cuncto

104 677 284 702 consessu
311 666 463 711 plausus
494 673 592 701 esset
623 665 828 711 ¹multiplex
857 667 978 704 datus.
1006 665 1143 699 dixisse
1173 675 1217 698 ex
1251 663 1304 697 eis

105 724 292 769 quendam
323 724 572 759 Athenienses
591 725 684 758 scire
703 735 796 768 quae
822 732 922 759 recta
947 731 1083 766 essent,
1103 722 1168 757 sed
1186 722 1306 756 facere

106 782 215 817 nolle.
253 782 389 817 ²Multa
404 782 439 816 in
457 789 586 817 nostro
599 783 755 827 collegio
770 783 973 828 praeclara,
997 782 1062 816 sed
1075 781 1159 823 hoc,
1177 781 1307 822 dequo

103 841 261 886 agimus,
289 841 326 875 in
344 841 485 886 primis,
504 841 614 884 quod,
631 841 685 875 ³ut
715 842 870 884 quisque
886 847 1008 875 aetate
1036 839 1235 880 antecedit,
1254 838 1304 872 ita

101 899 309 934 sententiae
336 900 583 944 principatum
610 906 722 941 tenet,
742 901 875 943 ⁴neque
894 899 1015 933 solum
1034 899 1174 932 honore
1200 905 1302 931 ante-

101 958 332 1001 cedentibus,
350 959 415 993 sed
435 959 487 993 eis
515 950 640 1002 etiam,
658 959 717 1002 qui
747 970 833 993 curn
856 958 1010 1003 imperio
1029 964 1126 1000 sunt,
1145 957 1305 1002 majores

101 1024 190 1051 natu
209 1028 366 1061 augures
391 1024 677 1061 anteponuntur.
732 1018 837 1062 Quae
861 1023 945 1051 sunt
967 1016 1078 1060 igitur
1095 1015 1305 1060 voluptates

101 1075 268 1119 corporis
280 1086 365 1109 curn
379 1075 610 1110 auctoritatis
625 1075 800 1120 praemiis
815 1073 1112 1119 comparandae?
1144 1071 1306 1118 ⁵Quibus

103 1133 164 1176 qui
193 1132 390 1177 splendide
420 1133 476 1167 usi
504 1140 601 1177 sunt,
620 1133 766 1187 ‘i‘mihi
787 1133 958 1167 videntur
980 1132 1145 1166 fabulam
1172 1130 1305 1165 aetatis

102 1191 302 1236 peregisse,
312 1189 409 1232 ⁶nec,
423 1198 614 1234 tamquam
630 1191 857 1225 inexercitati
875 1190 1073 1225 histriones
1088 1189 1125 1222 in
1141 1195 1306 1223 extremo

100 1256 186 1284 actu
201 1250 394 1284 corruisse.
449 1248 467 1292 ξ
484 1249 538 1294 65.
567 1248 629 1284 ¹At
646 1257 729 1284 sunt
744 1250 893 1292 morosi,
905 1256 939 1284 et
955 1249 1066 1291 anxii,
1079 1255 1114 1283 et
1128 1247 1307 1290 iracundi,

102 1313 139 1342 et
157 1307 326 1342 difficiles
345 1318 464 1342 senes.
519 1308 556 1342 Si
585 1308 808 1351 quaerimus,
827 1308 940 1342 etiam
970 1307 1097 1348 avari3
1124 1305 1190 1340 sed
1216 1305 1309 1340 haec

102 1365 262 1399 ²morum
287 1365 375 1400 vitia
399 1374 496 1409 sunt,
516 1377 591 1400 non
616 1366 828 1400 senectutis.
880 1367 935 1400 Ac
959 1365 1157 1399 morositas
1181 1371 1308 1398 tamen

103 1430 139 1458 et
157 1434 201 1458 ea
215 1423 316 1465 vitia,
327 1433 421 1467 quae
435 1424 669 1467 dixi,habent
684 1424 822 1467 aliquid
837 1421 1195 1467 excusationis,³non
1210 1422 1308 1456 illius

102 1481 252 1525 quidem
265 1481 402 1526 justae,
415 1482 480 1517 sed
497 1492 590 1525 quae
610 1483 755 1526 probari
771 1493 879 1527 posse
895 1482 1064 1516 videatur
1080 1493 1086 1515 :
1115 1479 1305 1515 contemni

103 1550 143 1575 se
176 1548 320 1584 putant,
353 1540 507 1585 despici,
536 1541 649 1574 illudi.
704 1541 899 1575 Praeterea
924 1540 976 1574 *in
1006 1539 1125 1584 fragili
1154 1549 1308 1583 corpore

101 1598 231 1632 odiosa
259 1598 381 1632 omnis
399 1598 555 1632 offensio
583 1606 648 1633 est.
701 1596 830 1643 ⁵Qu³e
854 1606 979 1632 tamen
998 1598 1124 1632 omnia
1141 1597 1308 1631 dulciora

102 1654 194 1690 fiunt
213 1663 248 1690 et
276 1656 442 1690 moribus
461 1656 568 1690 bonis
594 1663 630 1691 et
655 1657 808 1699 artibus,
838 1657 946 1700 idque
965 1667 1049 1691 cum
1068 1656 1104 1690 in
1124 1656 1210 1698 vita,
1228 1662 1308 1690 tum

105 1714 143 1748 in
170 1725 305 1750 scaena
330 1715 494 1760 intellegi
514 1722 635 1760 potest
655 1727 697 1750 ex
716 1716 768 1750 eis
787 1715 972 1759 fratribus,
991 1715 1050 1758 qui
1071 1715 1106 1748 in
1134 1713 1310 1759 Adelphis

103 1781 200 1807 sunt.
253 1774 403 1818 Quanta
430 1774 466 1808 in
493 1775 608 1809 altero
626 1774 782 1818 ⁷diritas‚
802 1775 838 1808 in
866 1775 982 1809 altero
1009 1774 1191 1809 comitas!
1243 1773 1306 1827 §.ic

103 1841 143 1866 se
161 1842 218 1866 res
236 1831 373 1866 habet:
400 1839 438 1867 ut
467 1833 566 1867 enim
598 1844 671 1866 non
700 1844 810 1867 omne
841 1833 981 1876 vinum,
1000 1833 1052 1867 sic
1082 1843 1156 1866 non
1185 1831 1307 1865 omnis

103 1896 235 1924 natura
250 1897 433 1925 vetustate
441 1891 636 1925 coacescit.
667 1891 910 1925 Severitatem
924 1891 959 1924 in
974 1897 1164 1925 senectute
1179 1890 1307 1935 probo,

101 1947 168 1982 sed
194 1959 292 1991 eam,
312 1949 406 1984 sicut
424 1950 506 1993 alia,
534 1950 745 1990 modicam;
771 1950 1012 1984 acerbitatem
1040 1949 1139 1984 nullo
1166 1949 1305 1989 modo;

103 2006 274 2040 ’avaritia
293 2018 379 2042 vero
398 2008 524 2042 senilis
543 2008 630 2051 quid
650 2008 719 2042 sibi
740 2009 826 2043 velit
849 2020 922 2042 non
943 2008 1126 2053 intellego.
1182 2009 1306 2042 Potest

103 2063 204 2098 enim
229 2065 429 2108 quidquam
460 2077 541 2100 esse
576 2066 774 2101 absurdius
807 2064 944 2110 ⁸quam,
973 2077 1045 2110 quo
1073 2067 1194 2100 minus
1225 2066 1306 2101 viae

103 2128 233 2166 restet,
249 2133 295 2157 eo
312 2123 395 2168 plus
414 2123 537 2158 viatici
555 2124 758 2167 quaerere?
