1495 2370
158 104 206 140 22
535 116 575 142 M.
607 117 727 142 'rcum
758 117 971 144 moenoms

154 212 294 255 Pyrrho
303 213 579 257 triumphasset,
588 215 1034 259 consumpsitextremuin
1043 221 1190 259 tempus
1203 214 1353 256 aetatis;

151 270 255 314 cujuz
282 271 434 315 quidem
458 272 585 306 villam
611 283 680 315 ego
707 273 965 316 contemplans
979 260 1122 306 --abefst
1151 272 1252 307 enim
1277 284 1352 307 non

154 328 264 377 longe
297 327 333 362 ⁵a
377 330 660 364 nie—admirari
697 331 787 365 satis
821 341 895 364 non
929 341 1082 375 possum
1108 331 1166 364 vel
1192 330 1355 366 hominis

153 387 267 430 ipsius
302 388 582 428 continentiam,
617 388 674 422 vel
709 395 919 432 temporum
953 376 1202 432 disciplinam.
1261 387 1352 433 §56

153 444 278 478 ¹Curio
308 445 355 478 ad
383 446 506 479 focum
525 446 668 479 sedenti
700 457 878 490 inagnum
897 446 974 480 auri
999 447 1145 490 pondus
1166 447 1354 482 Samnites

151 514 265 547 quum
283 503 506 544 attulissent,
520 503 703 547 repudiati
717 504 766 537 ab
779 515 824 538 eo
838 511 933 538 sunt.
989 505 1092 538 2Non
1107 505 1207 538 enim
1222 516 1352 539 aurum

149 561 286 595 habere
305 562 536 605 praeclarum
555 561 624 595 sibi
643 562 759 595 videri
778 563 870 596 dixit
890 575 896 602 ;
925 562 989 596 sed
1008 563 1073 603 eis,
1092 563 1153 607 qui
1173 563 1354 598 haberent

149 629 292 661 aurum,
322 619 514 663 imperare.
568 618 789 654 ³Poteratne
820 627 944 654 tantus
974 620 1122 654 animus
1160 632 1235 654 non
1272 620 1353 665 juc-

151 677 290 710 undam
309 676 453 711 efficere
480 684 710 711 senectutem
726 678 740 711 ?
790 678 881 712 ⁴Sed
900 678 1008 712 venio
1027 679 1074 712 ad
1093 679 1289 723 agricolas,
1306 689 1354 714 ne

143 746 165 768 a
184 746 242 768 1n3
262 734 342 779 ipso
363 735 544 769 recedam.
587 734 653 769 5In
672 736 769 779 agris
788 744 892 770 erant
913 744 992 771 tum
1011 744 1214 780 senatores,
1232 737 1270 771 id
1289 744 1348 772 est

145 803 265 833 senes,
285 793 313 826 si
332 792 484 837 quidem
498 793 617 826 aranti
636 794 664 827 L
692 794 867 838 Quinctio
885 794 1109 828 Cincinnato
1134 794 1348 829 nuntiatum

147 858 202 884 est
228 861 314 884 eum
343 851 565 885 dictatorem
591 863 673 886 esse
699 852 850 895 factum,
877 852 982 896 cujus
1012 852 1206 886 dictator'is
1240 852 1348 896 jussu

147 909 324 953 magister
366 910 542 952 equitum,
578 911 617 944 C.
668 910 845 944 Servilius
880 911 1013 949 Ahala,
1041 909 1126 955 ⁶5p.
1169 910 1350 945 Maelium

146 978 302 1011 regnum
335 975 576 1012 appetentem
602 975 826 1012 occupatum
861 968 1057 1002 interemit.
1124 967 1172 1002 ⁷A
1197 969 1285 1002 villa
1310 968 1350 1003 in

147 1034 317 1060 senatum
343 1027 601 1061 arcessebatur
619 1033 654 1060 et
675 1027 807 1061 Curius
826 1034 861 1061 et
894 1027 1005 1062 ceteri
1039 1038 1146 1062 senes
1165 1039 1172 1061 ς
1201 1038 1245 1061 ex
1263 1038 1354 1072 quo,

146 1083 208 1128 qui
227 1095 290 1118 eos
309 1085 560 1127 arcessebant,
579 1083 744 1118 Sciatores
762 1085 942 1119 nominati
963 1092 1060 1120 sunt.
1117 1086 1220 1119 Num
1237 1085 1351 1129 igitur

146 1142 277 1175 horum
313 1150 485 1177 senectus
521 1143 742 1177 miserabilis
780 1143 859 1185 fuit,
890 1143 952 1187 qui
991 1154 1030 1177 se
1058 1141 1151 1187 ⁹agri
1187 1143 1350 1178 cultione

147 1200 384 1234 oblectabant
400 1200 413 1234 ?
434 1220 439 1228 ι
461 1202 546 1235 Mea
565 1201 717 1245 quidem
736 1200 921 1234 sententia
938 1199 1066 1234 1⁰haud
1085 1200 1162 1234 scio
1180 1211 1229 1233 an
1247 1200 1350 1234 nulla

147 1259 290 1293 beatior
314 1270 396 1293 esse
422 1259 551 1303 possit,
577 1270 697 1304 neque
728 1259 848 1293 solum
875 1258 1008 1299 officio,
1026 1258 1128 1303 quod
1153 1258 1348 1292 hominum

147 1317 273 1360 generi
309 1317 482 1351 universo
517 1317 659 1352 cultura
693 1329 867 1361 agrorum
902 1324 957 1351 est
992 1316 1175 1360 salutaris,
1210 1316 1277 1351 sed
1311 1323 1347 1351 et

147 1376 395 1411 delectatione
427 1386 539 1419 quam
565 1376 653 1419 dixi,
679 1384 714 1411 et
747 1377 939 1410 saturitate
965 1376 1146 1420 copiaque
1180 1375 1347 1410 omnium

148 1447 281 1477 rerum,
297 1447 391 1481 quae
406 1436 454 1470 ad
470 1436 609 1470 victum
627 1436 832 1478 hominum,
845 1435 893 1468 ad
912 1435 1052 1469 cultum
1066 1434 1179 1469 etiam
1193 1434 1348 1468 deorum

146 1495 344 1538 pertinent,
370 1493 449 1537 ¹¹ut,
470 1494 648 1539 quoniam
673 1494 766 1527 haec
785 1493 938 1538 quidam
957 1492 1183 1534 desiderant,
1202 1492 1240 1525 in
1264 1503 1348 1536 gra·

143 1553 233 1586 tiam
255 1552 335 1596 jam
361 1563 446 1586 cuin
473 1553 662 1596 voluptate
688 1552 895 1585 redeamus.
950 1552 1106 1595 Semper
1131 1550 1231 1585 enim
1255 1550 1347 1585 boni

146 1611 361 1654 assiduique
396 1611 538 1645 domini
573 1610 707 1644 referta
737 1610 830 1644 cella
860 1609 1014 1652 vinaria,
1053 1608 1202 1651 olearia,
1235 1608 1348 1644 etiam

147 1670 298 1713 penaria
327 1678 394 1711 est,
429 1669 586 1712 villaque
613 1676 693 1703 tota
722 1669 888 1713 locuples
919 1678 985 1711 est,
1018 1667 1186 1701 abundat
1219 1678 1346 1712 porco,

144 1727 276 1770 haedo,
291 1726 932 1771 agno‚gallina,lacte‚caseo,melle.
982 1724 1098 1768 ¹²Jam
1113 1725 1262 1759 hortum
1276 1724 1348 1770 ipsi

137 1786 322 1830 agricolae
342 1787 547 1821 succidiam
566 1786 722 1820 alteram
739 1786 941 1830 appellant.
990 1783 1241 1818 1³Conditiora
1257 1783 1346 1818 facit

141 1845 233 1879 haec
253 1844 540 1888 supervacaneis
566 1844 679 1878 etiam
697 1844 818 1888 operis
838 1843 1039 1888 aucupium
1057 1848 1168 1885 atque
1184 1841 1347 1876 venatio.

141 1901 158 1946 ᾗ
182 1911 234 1945 57.
264 1902 365 1947 Quid
383 1902 430 1936 de
447 1909 637 1946 pratorum
656 1902 844 1936 viriditate
861 1908 925 1935 aut
947 1901 1122 1934 arborum
1140 1899 1346 1944 ordinibus,

138 1968 202 1995 aut
221 1961 413 1995 vinearum
432 1960 698 1995 olivetorumve
717 1960 840 2004 specie
865 1960 1016 1993 dicam?
1054 1958 1185 1993 1Brevi
1203 1957 1345 2003 praeci-

138 2019 238 2053 dam.
292 2019 394 2063 Agro
412 2019 508 2052 bene
526 2019 625 2053 culto
648 2018 741 2051 nihil
759 2024 882 2062 potest
900 2028 981 2051 esse
996 2028 1065 2051 nec
1079 2017 1162 2050 ²usu
1180 2015 1347 2060 uberius,

135 2088 205 2112 nec
232 2077 355 2122 specie
381 2077 558 2120 ornatius,
585 2076 634 2110 ad
660 2087 771 2119 quem
795 2076 993 2110 fruendum
1018 2085 1095 2109 non
1121 2073 1236 2108 modo
1265 2084 1343 2108 non

134 2136 312 2173 retardat,
344 2146 472 2170 verum
505 2135 618 2170 etiam
653 2134 785 2168 invitat
820 2141 931 2178 atque
964 2133 1114 2168 allectat
1149 2139 1337 2168 senectus.
