1495 2370
145 102 196 139 24
522 111 562 137 M.
594 110 715 137 TULLI
745 111 957 138 cicssnoms

142 209 317 245 tesimum
329 220 469 243 annum
484 208 848 252 perduxisse,⁴quun1
863 215 960 243 esset
975 215 1060 243 acta
1073 207 1152 252 jam
1166 214 1288 242 aetate
1303 207 1341 241 in

141 268 252 313 agris,
267 278 404 312 eosque
431 267 579 309 coleret,
606 267 709 311 cujus
732 267 827 300 inter
854 267 1013 311 primum
1037 273 1073 300 et
1092 273 1236 300 sextum
1255 276 1342 299 con-

143 326 304 361 sulatum
318 336 381 359 sex
393 332 428 359 et
443 324 689 369 quadraginta
707 324 793 357 anni
809 324 1062 358 interfuerunt.
1094 324 1150 357 Ita
1164 330 1342 366 quantum

143 385 305 430 spatium
329 383 461 418 aetatis
486 382 644 426 majores
663 383 777 416 nostri
796 380 857 415 ⁵ad
878 382 1079 416 senectutis
1098 381 1242 415 initium
1261 392 1345 416 esse

142 444 348 484 voluerunt,
365 444 505 476 6tantus
534 441 584 474 illi
604 452 733 475 cursus
759 441 943 474 honorum
961 441 1039 474 fuit.
1095 441 1216 483 Atque
1234 440 1343 484 hujus

143 508 308 536 extrema
325 508 427 534 aetas
447 500 516 532 hoc
536 499 678 533 beatior
704 510 814 541 quam
841 499 976 540 media,
995 498 1093 541 quod
1112 497 1344 532 auctoritatis

145 560 228 604 plus
242 559 416 601 habebat,
435 558 572 591 laboris
587 569 673 591 vero
688 558 821 591 minus.
864 558 984 602 ⁷Apex
1002 564 1126 591 autern
1146 556 1347 592 senectutis

141 625 197 652 est
215 617 427 651 auctoritas.
483 614 572 657 361.
593 614 758 660 ¹Quanta
778 616 844 650 fuit
867 616 903 649 in
926 617 962 649 L.
985 616 1149 650 Caecilio
1173 616 1344 650 Metello!

145 676 296 721 Quanta
313 675 351 708 in
370 675 483 708 Atilio
498 674 669 708 Calatino
688 677 693 708 l
721 675 757 707 in
773 685 884 719 quem
904 674 993 707 illud
1006 674 1188 718 elogium:

334 755 428 788 hunc
446 754 577 788 2*imum
588 755 772 798 plurimae
790 755 1017 788 consentiunt
1033 757 1150 799 qentes

329 813 461 858 populi
489 813 716 856 primarium
741 813 856 856 fuisse
883 813 1010 846 virum.

150 899 294 932 Notum
327 905 383 932 est
424 908 576 931 carmen
603 897 763 931 incisum
787 897 824 930 in
860 897 1040 941 sepulcro.
1107 895 1213 940 *Jure
1243 895 1354 940 igitur

147 957 282 1001 gravis,
298 956 402 1000 cujus
417 955 463 989 de
483 955 656 989 laudibus
675 955 844 989 omnium
862 962 959 989 esset
975 954 1076 988 fama
1094 954 1347 989 consentiens.

150 1015 272 1059 Quem
307 1014 427 1047 virum
464 1014 502 1047 P.
533 1014 723 1055 Crassum,
748 1011 881 1057 5nuper
905 1013 1122 1057 pontificem
1151 1013 1378 1057 maximum,

147 1083 256 1116 quem
284 1078 416 1116 postea
451 1072 500 1104 M.
535 1070 718 1115 Lepidum
747 1071 880 1105 eodem
901 1070 1114 1105 sacerdotio
1133 1070 1356 1115 praeditum,

142 1131 328 1166 vidimus!
381 1130 481 1174 Quid
515 1130 561 1164 de
594 1130 708 1163 Paulo
735 1137 797 1164 aut
825 1130 1001 1163 Africano
1028 1129 1185 1172 loquar?
1209 1136 1284 1168 aut,
1311 1135 1350 1163 ut

141 1189 222 1232 jam
246 1194 344 1231 ante,
363 1188 410 1221 de
441 1187 633 1221 Maximo?
660 1198 815 1230 quorum
842 1199 918 1221 non
944 1188 981 1221 in
1009 1187 1195 1221 sententia
1221 1187 1355 1225 solum,

145 1247 213 1282 sed
231 1246 344 1281 etiam
362 1246 399 1279 in
426 1253 516 1280 nutu
535 1246 723 1280 residebat
749 1246 962 1280 auctoritas.
1021 1246 1147 1280 Habet
1166 1252 1354 1289 senectus,

147 1304 345 1340 fihonorata
363 1305 595 1350 praesertim,
607 1312 750 1339 tantam
768 1306 1041 1348 auctoritatem,
1053 1312 1093 1340 ut
1111 1316 1156 1339 ea
1173 1305 1288 1349 pluris
1307 1304 1355 1339 sit

153 1375 265 1409 quam
283 1376 413 1398 omnes
433 1364 712 1398 adulescentiae
731 1364 951 1408 voluptates.

200 1457 423 1503 XVI11.—§
444 1458 500 1492 62.
530 1458 604 1492 Sed
622 1457 672 1492 ¹in
703 1458 804 1492 omni
823 1459 990 1493 oratione
1016 1465 1245 1492 mementote
1269 1468 1355 1492 eam

151 1530 212 1553 me
237 1518 390 1552 laudare
418 1523 660 1558 senectutem,
678 1527 773 1561 quae
798 1516 1053 1551 fundamentis
1079 1515 1357 1550 adulescentiae

154 1577 358 1611 constituta
392 1576 448 1609 sit.
504 1575 596 1619 ²Ex„
607 1587 681 1620 quo
709 1575 865 1610 efficitur
890 1576 1079 1620 id—-quod
1113 1587 1183 1619 ego
1217 1585 1356 1619 magno

153 1635 345 1680 quondam
360 1645 445 1667 cum
458 1645 613 1667 assensu
629 1633 796 1667 omnium
810 1633 1112 1667 dixi—miseram
1127 1643 1209 1667 esse
1224 1643 1352 1666 senec-

153 1701 283 1736 tutem,
297 1691 405 1736 3quae
418 1704 456 1726 se
476 1692 642 1726 oratione
655 1692 881 1726 defenderet.
928 1693 1013 1725 Non
1029 1692 1140 1732 ‘'cani,
1154 1702 1229 1725 non
1242 1701 1356 1734 rugae

153 1759 305 1796 repente
331 1750 591 1785 auctoritatem
619 1749 781 1794 arripere
810 1757 979 1794 possunt,
999 1750 1064 1783 sed
1090 1749 1247 1783 honeste
1271 1755 1358 1782 acta

153 1810 319 1855 superior
345 1817 448 1843 aetas
473 1807 628 1843 5fructus
648 1809 747 1853 capit
766 1809 998 1843 auctoritatis
1019 1815 1222 1842 extremos:
1265 1805 1283 1848 ἓ
1300 1806 1357 1850 63.

158 1869 264 1902 Haec
278 1868 378 1902 enim
392 1868 473 1912 ipsa
487 1874 572 1901 sunt
584 1867 829 1909 honorabilia,
845 1877 938 1909 quae
953 1866 1124 1900 videntur
1138 1865 1233 1900 levia
1245 1872 1357 1908 atque

155 1926 595 1969 communia—lsalutari,
621 1925 759 1970 appeti,
777 1925 920 1967 decedi,
938 1923 1095 1968 assurgi,
1125 1923 1272 1966 deduci,
1304 1934 1359 1958 re-

155 1985 254 2027 duci,
273 1984 428 2023 consuli.
446 1984 553 2026 ‘²quae
571 1991 606 2018 et
633 1984 731 2026 apud
761 1995 841 2026 nos,
858 1990 894 2018 et
913 1983 950 2016 in
968 1983 1050 2016 aliis
1077 1982 1302 2025 civitatibus,
1319 1987 1359 2015 ut

154 2052 321 2086 quaeque
352 2042 490 2087 optime
517 2049 672 2084 morata,
704 2042 754 2076 ita
788 2041 1073 2085 diligentissime
1104 2041 1359 2074 observantur.

157 2101 393 2145 Lysandrum
410 2099 876 2144 Lacedaemoniuin,cujus
888 2099 1015 2133 ³modo
1029 2098 1260 2133 mentionem
1273 2096 1360 2142 feci,

155 2157 279 2193 dicere
297 2158 400 2192 aiunt
430 2158 592 2202 solitum,
613 2157 935 2192 Lacedaemonem
952 2168 1035 2192 esse
1051 2155 1360 2190 honestissimum

1384 2012 1408 2079 j
