1460 2386
394 92 497 120 cxro
527 93 660 120 »mon
688 93 741 119 ne
770 91 1013 120 snm-:crura
1255 80 1304 116 23

104 191 204 227 ⁸Ubi
229 191 329 228 enim
347 198 469 237 potest
495 191 558 226 illa
575 198 679 226 aetas
697 198 759 225 aut
786 190 971 225 calescere
997 189 1054 224 vel
1072 188 1303 233 apricatione

107 250 241 286 melius
266 250 323 285 vel
350 250 437 294 igni,
463 257 524 284 aut
551 249 715 284 vicissim
742 249 881 283 umbris
908 248 1060 291 aquisve
1085 246 1306 291 ‘refrigerari

107 308 317 343 salubrius?
361 306 378 353 ξ
402 308 454 351 58.
473 306 567 342 'Sibi
580 308 742 342 habeant
757 307 868 352 igitur
881 317 996 348 arma,
1010 305 1080 340 sibi
1093 315 1219 348 equos,
1236 306 1304 339 sibi

108 366 249 409 hastas,
268 366 337 401 sibi
356 366 514 407 clavam,
532 366 601 400 sibi
621 366 748 411 pilam,
766 365 834 399 sibi
854 365 1070 399 venationes
1097 371 1132 399 et
1151 375 1279 398 cursus
1299 377 1306 403 ;

108 424 217 462 nobis
250 424 402 458 senibus
435 435 479 458 ex
509 423 715 457 lusionibus
742 423 867 457 multis
893 422 1002 457 ²talos
1029 421 1240 465 relinquant
1270 430 1305 456 et

106 489 289 518 tesseras:
315 482 367 516 ’id
394 482 516 527 ipsum
543 489 668 516 tamen
695 489 733 516 ut
759 481 900 523 libebit,
928 480 1104 524 quoniam
1139 480 1219 514 sine
1254 480 1307 514 eis

107 540 218 576 beata
235 552 317 576 esse
336 548 507 576 senectus
526 548 659 586 potest.

156 634 352 679 XV11.—§
376 644 427 679 59.
460 636 598 670 Multas
613 636 661 670 ad
674 647 731 670 res
745 635 920 680 perutiles
935 634 1198 679 Xenophontis
1212 633 1309 668 llibri

107 701 219 730 sunt:
253 705 344 738 quos
370 694 492 738 legite,
517 704 670 737 quaeso.
703 693 881 735 studiose,
905 700 944 727 ut
975 691 1120 726 ²facitis.
1184 691 1309 736 Quam

106 753 258 798 copiose
275 753 324 787 ab
341 763 386 787 eo
403 753 482 797 agri
500 752 644 787 cultura
661 752 834 786 laudatur
851 751 887 785 in
907 762 950 785 eo
968 750 1074 794 libro,
1093 750 1154 793 qui
1172 756 1229 785 est
1246 747 1308 784 ³de

106 810 246 846 tuenda
264 822 303 846 re
320 810 504 851 familiari,
522 810 582 853 qui
611 809 860 844 Oeconomicus
885 808 1099 844 inscribitur
1116 810 1123 843 !
1174 809 1309 851 Atque,

107 869 161 906 ‘ut
179 869 393 914 intelligatis
408 869 499 903 nihil
511 868 543 903 ei
562 875 639 903 tam
657 869 780 913 regale
794 868 909 903 videri
924 878 1036 911 quam
1050 867 1216 902 studium
1229 866 1308 911 agri

108 927 268 971 colendi,
299 927 473 962 Socrates
507 926 543 960 in
577 937 622 961 eo
648 927 742 960 libro
773 924 951 971 ⁵loquitur
975 937 1060 960 cum
1089 925 1281 960 Critobulo
1301 937 1307 958 :

109 986 247 1030 Cyrum
273 986 468 1028 minorem,
483 983 624 1030 ‘regem
650 985 858 1029 Persarum,
882 990 1136 1030 praestantem
1159 983 1309 1029 ingenio

108 1051 221 1090 atque
239 1044 369 1090 imperi
395 1045 524 1089 gloria,
543 1056 656 1088 quum
686 1044 880 1089 Lysander
908 1043 1238 1087 Lacedaemonius,
1255 1043 1312 1077 vir

110 1113 278 1138 summae
304 1103 460 1145 virtutis,
478 1103 655 1138 ⁷venisset
681 1103 729 1137 ad
756 1114 842 1138 eum
867 1103 1009 1147 Sardis,
1029 1102 1137 1147 eique
1162 1102 1263 1136 dona
1288 1113 1311 1135 a

108 1160 220 1196 sociis
237 1161 433 1204 attulisset,
445 1167 480 1196 et
496 1161 627 1196 ceteris
640 1161 677 1195 in
692 1161 800 1196 rebus
816 1172 1054 1196 communem
1067 1172 1153 1205 erga
1170 1161 1310 1205 Lysan-

105 1217 216 1253 drum
241 1225 351 1261 atque
369 1219 575 1253 humanum
594 1218 718 1262 fuisse,
738 1227 772 1254 et
793 1219 824 1253 ei
843 1218 1046 1262 ⁸quendam
1064 1225 1309 1263 consaeptum

105 1287 237 1322 agrum
277 1276 475 1322 diligenter
516 1277 703 1312 consitum
745 1277 964 1312 ostendisse.
1017 1277 1143 1322 Quum
1184 1283 1310 1311 autem

106 1334 355 1370 admiraretur
374 1335 565 1380 Lysander
579 1343 614 1370 et
629 1335 870 1380 proceritates
888 1334 1063 1369 arborum
1080 1342 1117 1370 et
1132 1332 1310 1369 ⁹directos

108 1393 146 1427 in
159 1393 404 1437 quincuncem
419 1394 624 1437 ordines,et
638 1394 793 1428 humum
807 1392 1030 1429 ¹⁰subactam
1041 1401 1152 1439 atque
1166 1404 1311 1438 puram,

107 1458 146 1486 et
179 1452 401 1486 suavitatem
435 1452 592 1486 odorum
616 1453 694 1496 ‘qui
736 1452 949 1487 afflarentur
982 1463 1002 1486 e
1036 1452 1200 1495 floribus,
1231 1459 1310 1486 tum

109 1509 260 1552 dixisse,
277 1511 402 1545 mirari
420 1522 459 1545 se
478 1522 552 1545 non
580 1511 692 1545 modo
710 1511 942 1556 diligentiam
969 1511 1035 1546 sed
1053 1510 1167 1545 etiam
1186 1510 1312 1544 soller-

110 1567 202 1602 tiam
219 1567 311 1613 ejus,
330 1580 351 1602 a
376 1579 448 1612 quo
466 1576 591 1604 essent
609 1569 670 1603 illa
687 1567 886 1604 11dimensa
907 1578 1018 1612 atque
1044 1569 1222 1613 discripta
1241 1581 1249 1609 3
1276 1575 1311 1602 et

112 1625 146 1659 ei
163 1625 300 1670 Cyrum
315 1626 690 1672 respondisse,At‘qui
700 1639 758 1671 eqo
773 1626 870 1661 12ista
882 1639 963 1661 sum
976 1627 1099 1661 omnia
1112 1626 1293 1660 dimensus
1299 1636 1312 1666 ;

112 1683 182 1717 ‘mei
209 1686 295 1717 sunt
319 1684 473 1728 ordines,
508 1696 588 1718 mea
620 1685 830 1730 discripti&
864 1685 997 1719 multae
1022 1686 1132 1719 etiam
1156 1679 1314 1718 istarum

111 1740 283 1776 arborum
294 1753 372 1776 mea
385 1754 498 1776 manu
507 1745 593 1777 sunt
603 1746 710 1778 satae.
742 1745 840 1778 Tum
855 1743 1312 1788 Lysandrum,intuentem

114 1799 194 1844 eJus
212 1811 414 1845 purpuram
433 1808 469 1836 et
488 1801 647 1836 nitorem
664 1803 830 1847 corporis
856 1810 1102 1847 ornatumque
1123 1801 1313 1836 Persicum

114 1857 230 1892 multo
247 1869 336 1892 auro
354 1859 551 1903 multisque
568 1860 740 1904 gemmis,
757 1860 907 1902 dixisse,
926 1859 1030 1894 Recte
1047 1871 1124 1893 vero
1142 1861 1186 1901 te,
1209 1857 1311 1902 Cyre,

115 1915 260 1950 beatum
269 1917 412 1961 serunt,
433 1918 607 1962 quoniam
624 1918 753 1952 virtuti
770 1921 853 1952 tuae
863 1919 1023 1963 fortuna
1039 1918 1232 1962 conjunc&
1249 1919 1308 1950 est.

115 1971 201 2016 560.
220 1974 325 2010 ¹Hac
344 1975 454 2020 igitur
471 1975 619 2011 fortuna
635 1975 704 2010 frui
723 1976 808 2011 licet
827 1976 997 2011 senibus:
1021 1975 1104 2010 ²nec
1125 1982 1230 2010 aetas
1248 1974 1315 2008 im-

116 2031 221 2078 pedit
248 2042 320 2076 quo
346 2033 469 2068 minus
500 2040 537 2068 et
562 2041 770 2069 ceterarum
796 2045 929 2078 rerum,
956 2041 991 2069 et
1018 2033 1055 2068 in
1081 2032 1210 2078 primis
1237 2030 1315 2076 agri

115 2090 264 2126 colendi
282 2091 406 2127 studia
424 2099 617 2127 teneamus
635 2102 752 2136 usque
769 2093 818 2127 ad
835 2093 1007 2128 ultimum
1024 2099 1172 2137 tempus
1190 2101 1317 2126 senec—

117 2147 219 2185 tutis.
284 2150 337 2185 M.
355 2147 520 2194 ³quidem
538 2150 729 2186 Valerium
755 2151 917 2186 Corvum
935 2150 1148 2197 accepimus
1166 2148 1214 2184 ad
1233 2158 1318 2183 cen-
