1460 2386
373 106 476 134 CATO
505 105 639 132 MAJOR
667 106 721 133 m:
750 106 996 134 sexec'rUTE.
1262 99 1284 130 7)

83 216 174 244 mm:
222 205 351 240 *Anno
367 203 469 240 enim
487 211 571 249 post
597 204 728 239 consul
746 204 908 250 primum
926 204 1044 239 suerat
1075 215 1189 249 quam
1217 215 1285 248 ego

83 272 194 302 natus
219 275 317 306 sum,
335 263 513 308 ‘cumque
538 273 583 297 eo
609 269 781 308 quartum
804 263 958 297 consule
983 262 1287 298 adulescentulus

85 323 194 360 miles
218 322 405 369 profectus
430 333 509 355 rui-1
555 321 575 353 ⁴1
606 321 781 363 'ju-mam,
800 322 1003 367 quintoque
1021 332 1120 355 anno
1138 328 1222 366 post
1240 321 1286 356 ad

85 382 301 417 Tarentum.
346 379 532 426 Quaestor
545 379 682 414 demde
701 379 946 425 quadriennio
958 387 1043 424 post
1060 379 1179 414 factus
1194 391 1289 414 sum.
1310 363 1460 426 6024

88 450 200 486 quem
217 438 476 482 magistratum
489 437 586 482 gessi
602 437 832 472 ‘'consulibus
846 437 1036 472 Tuditano
1054 445 1090 472 et
1111 437 1290 482 Cethego,

86 497 216 544 “quum
242 496 394 543 quidem
413 496 473 531 ille
491 496 696 530 admodum
722 508 834 532 senex
864 508 995 532 suasor
1018 497 1111 542 legis
1139 497 1292 532 Cinciae

87 555 129 590 de
163 553 280 589 Donis
312 555 345 588 et
375 551 591 587 Munerihm
624 553 701 588 fuit.
757 554 830 588 Hic
856 561 892 589 et
920 554 1018 588 bella
1043 554 1209 598 gerebat,
1237 553 1291 588 ⁹ut

89 613 323 654 adulescens,
340 613 482 656 u’quum
501 611 610 656 plane
635 611 788 655 grandis
815 618 926 655 esset,
944 610 1006 646 ¹¹et
1036 611 1291 646 Hannibalem

83 670 298 717 juveniliter
313 669 562 704 exsultantem
591 668 771 713 patientia
800 680 866 703 sua
897 668 1116 704 molliebat:
1143 669 1190 703 de
1217 680 1291 714 quo

88 728 278 775 praeclare
294 726 487 762 familiaris
506 734 633 762 noster
653 727 799 762 Ennius
820 741 827 763 ε

111 790 146 830 s
189 817 294 854 Unus
309 817 412 852 lemno
430 817 531 851 nobis
547 818 778 869 “effetanda
794 818 952 852 restituit
964 829 1066 864 Q?

180 874 379 928 ”Nss’i'lfflm
396 873 583 909 “rumores
596 875 752 919 ponebat
770 878 854 910 ante
870 876 1023 910 salutem
1037 887 1048 910 :

182 933 280 979 Erqo
291 935 441 978 postque
460 933 667 978 “musisque
685 934 755 968 viri
773 946 868 968 uum:
886 935 1003 980 qloria
1028 934 1149 970 claret.

1131 981 1156 987 ‘'
1181 986 1199 1009 t

88 1038 105 1085 ξ
132 1048 182 1073 ιι.
210 1038 418 1072 Tarentum
436 1048 521 1072 vero
540 1049 614 1083 qua
632 1038 835 1082 vigilantia,
847 1049 923 1084 quo
946 1038 1104 1074 consilio
1120 1039 1262 1084 recepit
1283 1041 1289 1073 3

90 1097 215 1142 Quum
256 1093 421 1140 quidem,
455 1094 528 1129 ¹me
566 1094 752 1138 audiente,
784 1094 996 1138 Salinatori,
1035 1094 1113 1141 ²qui
1150 1095 1291 1130 amisso

88 1153 229 1200 oppido
246 1151 390 1197 fugerat
408 1151 445 1186 in
471 1163 606 1190 arcem,
627 1153 801 1197 glorianti
827 1159 939 1198 atque
963 1153 1014 1188 ita
1037 1153 1191 1194 dicenti,
1207 1152 1295 1188 Mea

89 1224 210 1258 opera,
236 1210 276 1255 Q.
299 1210 407 1254 Fabi,
429 1210 630 1246 Tarentum
650 1212 833 1257 recepisti-s
862 1211 974 1255 Certe,
1007 1212 1127 1258 inquit
1153 1212 1295 1248 ridens÷

92 1281 191 1314 nam,
206 1269 280 1305 nisi
296 1271 338 1304 tu
354 1269 542 1312 amisisses,
560 1282 751 1315 nunqnam
770 1271 981 1315 recepissem.
1036 1271 1070 1303 N
1076 1281 1118 1305 ec
1136 1281 1224 1305 vero
1240 1269 1294 1304 'in

91 1328 207 1364 armis
220 1326 479 1373 praestantior,
497 1338 610 1373 quam
629 1327 666 1361 in
685 1335 772 1372 toga
791 1339 797 1361 :
825 1326 901 1372 ⁴qui
916 1327 1047 1362 consul
1066 1327 1213 1369 iterum,
1233 1327 1296 1372 Sp.

93 1386 255 1424 Carvilio
281 1385 425 1430 collega
449 1386 678 1431 quiescente,
706 1387 746 1422 C.
778 1386 962 1420 Flaminio
990 1386 1139 1421 tribuno
1167 1385 1300 1430 plebis.

91 1443 216 1491 quoad
231 1442 361 1488 potuit,
379 1443 525 1485 restitit,
543 1455 675 1488 agrurn
699 1444 888 1479 Picentem
907 1451 942 1478 et
960 1443 1146 1478 Gallicum
1160 1443 1299 1478 viritim

92 1509 224 1538 contra
248 1506 400 1536 senatus
425 1502 687 1537 auctoritatem
713 1501 895 1536 dividenti
916 1514 923 1542 ;
950 1513 1140 1546 augurque
1169 1499 1299 1546 ⁵quum

93 1566 204 1602 esset,
222 1558 347 1593 dicere
363 1568 477 1594 ausus
495 1566 551 1594 est
570 1552 721 1605 optimis
740 1546 916 1604 auspiciis
934 1570 979 1594 ea
1001 1559 1091 1604 geri,
1109 1570 1206 1604 quae
1233 1569 1300 1604 pro

96 1619 322 1665 reipublicae
343 1618 461 1652 salute
482 1626 700 1663 gererentur
715 1631 723 1660 ;
740 1616 852 1663 ⁶quae
877 1625 1007 1652 contra
1031 1617 1301 1662 rempublicam
1318 1615 1327 1618 ’

96 1678 293 1724 ferrentur,
314 1686 445 1714 contra
469 1677 636 1722 auspicia
664 1676 761 1711 ferri.
818 1676 832 1718 Ξ
856 1685 906 1710 12.
942 1676 1061 1710 Multa
1087 1675 1124 1709 in
1150 1686 1194 1709 eo
1226 1670 1302 1708 vi‘rc

98 1737 304 1785 ¹praeclara
319 1737 478 1784 cognovi
497 1750 505 1779 ;
532 1737 598 1772 sed
617 1737 709 1771 nihil
723 1743 779 1771 est
797 1735 1068 1778 admirabilius,
1085 1737 1212 1780 ²quam
1226 1745 1300 1780 quo

101 1797 215 1833 modo
233 1797 294 1832 ille
308 1804 467 1832 mortem
481 1795 531 1831 fili
550 1793 645 1838 tulit,
656 1794 744 1830 clari
760 1794 826 1828 viri
845 1801 881 1829 et
899 1793 1116 1828 consularis.
1165 1792 1251 1827 ³Est
1266 1793 1303 1826 in

98 1855 273 1891 manibus
290 1854 456 1890 laudatio
477 1866 484 1888 :
509 1856 637 1899 ⁴quam
663 1863 777 1898 quum
806 1852 976 1896 legimus,
1000 1861 1112 1896 quem
1141 1850 1303 1896 philoso-

99 1914 218 1960 phum
238 1925 314 1949 non
340 1911 644 1949 contemnimus?
695 1911 776 1945 Nec
805 1921 892 1945 vero
919 1910 980 1944 ille
1003 1909 1057 1943 5ἰῐι
1082 1909 1165 1944 luce
1191 1909 1304 1943 modo

103 1979 217 2018 atque
242 1972 280 2007 in
306 1971 423 2007 oculis
441 1970 579 2005 civium
602 1980 772 2019 magnus,
791 1968 858 2004 sed
884 1969 984 2003 intus
1007 1967 1184 2012 domique
1202 1977 1306 2017 prae-

100 2030 268 2066 stantior.
279 2027 416 2078 s⁸Qui
442 2030 586 2064 sermo!
617 2038 712 2073 quae
738 2028 961 2072 praecepta!
994 2024 1149 2071 'quanta
1174 2025 1307 2059 notitia

99 2087 334 2134 antiquitatis
352 2089 360 2123 Ξ
386 2098 482 2133 quae
495 2086 652 2123 scientia
664 2085 757 2130 juris
769 2084 899 2130 auguri
919 2086 925 2119 2
951 2083 1106 2118 ⁸multae
1123 2082 1250 2125 etiam,
1267 2090 1308 2118 ut

101 2145 143 2182 in
157 2139 311 2182 hoinine
331 2146 515 2189 Romano,
526 2145 669 2180 litterae
686 2157 693 2179 :
720 2142 847 2178 omnia
864 2141 1045 2178 memoria
1062 2141 1213 2177 tenebat
1232 2151 1308 2176 non
