1495 2370
174 120 221 156 10
549 132 589 159 M.
621 133 741 159 'ruma
771 133 984 161 CICERONIS

169 228 431 273 percipiendis,
465 241 540 264 non
574 230 780 265 condendis
817 231 1009 267 fructibus.
1062 233 1299 278 Quamquam
1333 233 1371 268 in

171 287 253 321 aliis
272 288 395 322 minus
417 288 488 322 hoc
504 289 639 322 mirum
657 296 725 331 est,
742 301 854 324 nemo
872 290 972 324 enirn
998 297 1054 325 est
1072 298 1150 325 tarn
1170 302 1282 326 senex
1297 292 1376 337 ⁵qui

172 356 210 379 se
228 357 369 383 annum
395 357 471 380 non
497 354 601 391 putet
624 359 736 392 posse
759 348 892 383 vivere.
946 349 1019 383 Sed
1038 349 1160 384 eidem
1181 350 1374 385 elaborant

171 403 207 436 in
226 403 291 446 eis,
310 415 406 448 quae
426 403 548 438 sciunt
566 405 659 438 nihil
677 405 833 440 omnino
850 406 897 439 ad
918 417 957 440 se
975 407 1159 451 pertinere
1175 419 1182 441 :

308 517 312 519 .
357 485 467 519 689)·ἰέ
485 485 638 529 arbores,
659 498 748 530 quae
765 486 872 519 alteri
889 486 1000 520 saeclo
1012 487 1169 530 prosint,

169 574 206 600 ut
242 567 292 601 ait
329 568 469 601 Statius
500 574 626 602 noster
659 567 696 601 in
726 566 951 611 Synephebis.
1022 566 1040 609 ἓ
1067 575 1120 611 25.
1148 565 1251 602 lNec
1285 578 1373 602 vero

167 624 314 660 dubitat
339 626 513 669 agricola,
539 626 709 670 quamvis
740 625 786 660 sit
813 637 936 668 Senex,
954 625 1158 670 quaerenti,
1176 626 1234 660 cui
1261 632 1390 669 serat,.

169 684 415 727 respondere3
442 684 524 717 Ἴης
541 683 817 727 inmun-talibus,
839 684 901 728 qui
926 694 979 717 me
1001 695 1074 717 non
1096 683 1252 728 accipere
1269 683 1373 717 modo

167 740 250 774 haec
269 754 291 774 a
309 743 506 786 majoribus
522 742 722 786 voluerunt,
742 742 800 776 sed
817 743 928 775 etiam
939 742 1091 786 posteris
1104 742 1264 786 prodere.

217 859 434 894 VIII.—Et
451 858 598 894 ³melius
619 859 801 893 Caecilius
825 859 872 893 de
891 870 979 894 sene
997 858 1104 893 alteri
1122 859 1272 893 saeculo
1289 869 1373 922 pro<

172 917 364 961 spiciente,
383 929 495 963 quam
514 918 619 951 4illud
637 918 738 952 idem
755 929 762 951 :

261 996 413 1041 ⁵Edepol
426 1000 593 1041 senectus,
613 997 645 1030 si
661 997 716 1031 nil
734 997 935 1041 quidquam
960 996 1065 1030 aliud
1080 994 1161 1030 “m'ti

264 1054 442 1099 Apportes
458 1058 586 1098 tecum,
607 1067 720 1100 quum
737 1055 892 1098 advenis,
910 1067 1027 1088 unum
1040 1055 1079 1089 id
1097 1057 1154 1089 sat
1170 1057 1232 1098 est,

264 1112 381 1156 Ὧιι-υά
397 1114 462 1148 din
481 1114 622 1148 vivendo
641 1114 772 1158 multa,
789 1125 878 1158 quae
895 1125 969 1147 non
987 1113 1067 1157 volt,
1088 1113 1192 1148 videt.

171 1192 220 1226 Et
238 1193 356 1227 multa
373 1193 532 1228 fortasse
549 1205 644 1238 quae
668 1193 754 1228 volt.
809 1194 932 1238 Atque
957 1193 1010 1227 ⁸in
1031 1204 1076 1227 ea
1093 1193 1257 1238 quidem,
1275 1203 1373 1238 quae

169 1262 244 1285 non
274 1252 362 1295 volt,
388 1263 500 1297 saepe
524 1253 637 1287 etiam
654 1252 912 1287 adulescentia
934 1252 1097 1286 incurrit.
1151 1252 1265 1286 ⁹Illud
1283 1263 1372 1287 vero

170 1308 270 1343 idem
290 1309 474 1344 Caecilius
493 1309 662 1344 vitiosius
681 1321 687 1343 :

266 1389 359 1424 Tum
375 1391 537 1435 equidem
554 1391 595 1424 vin
612 1389 776 1424 10senecta
793 1390 856 1424 hoc
873 1390 1003 1434 deputo
1021 1389 1314 1423 mise-rrimuwv—

230 1448 396 1483 HSentzssre
415 1461 456 1483 ea
473 1451 587 1483 cecitate
607 1461 674 1482 esse
692 1461 724 1482 se
744 1449 908 1483 odiosum
924 1448 1040 1483 alteri.

170 1528 185 1571 ἐ
205 1529 259 1563 26.
286 1528 518 1574 ²Jucundu1n
532 1529 668 1574 potius,
683 1540 797 1574 quam
811 1529 996 1563 odiosum.
1043 1529 1095 1564 Ut
1109 1529 1211 1564 enim
1225 1528 1372 1564 adules-

166 1588 335 1623 centibus
348 1589 447 1622 bona
459 1588 583 1621 indole
598 1587 776 1632 praeditis
792 1587 979 1632 sapientes
994 1586 1116 1622 ²senes
1129 1587 1372 1631 delectantur,

166 1647 356 1691 leviorque
382 1647 421 1680 fit
453 1653 626 1681 senectus
653 1658 793 1689 eorum,
821 1647 883 1691 qui
909 1647 958 1680 ab
981 1646 1176 1690 juventute
1202 1647 1373 1681 coluntur

167 1713 201 1739 et
221 1704 424 1748 diliguntur
442 1716 449 1738 ;
478 1704 530 1738 sic
548 1704 808 1739 adulescentes
824 1716 956 1738 senum
969 1705 1177 1750 praeceptis
1194 1704 1372 1749 gaudent,

169 1762 304 1807 quibus
318 1762 366 1796 ad
380 1762 558 1796 virtutum
571 1762 695 1796 studia
709 1762 904 1796 ducuntur.
943 1761 956 1782 ³
967 1762 1048 1795 Nec
1060 1761 1183 1795 minus
1197 1761 1374 1806 intellego

167 1832 228 1854 me
245 1821 365 1864 vobis,
380 1831 493 1865 quam
507 1831 573 1854 vos
588 1820 679 1853 mihi
699 1831 781 1854 esse
797 1819 995 1863 jucundos.
1046 1818 1142 1854 4Sed
1157 1819 1304 1861 videtis,
1316 1819 1371 1854 ⁵ut

169 1887 341 1913 senectus
360 1890 435 1913 non
458 1879 572 1913 modo
597 1878 776 1923 languida
803 1885 915 1923 atque
938 1878 1036 1912 iners
1063 1889 1138 1912 non
1164 1877 1224 1921 sit,
1241 1888 1371 1912 verum

169 1938 282 1972 etiam
307 1938 354 1972 sit
384 1949 554 1982 operosa,
573 1944 608 1972 et
635 1949 782 1982 semper
810 1939 940 1981 Gagens
974 1937 1112 1981 aliquid
1139 1944 1175 1971 et
1201 1937 1372 1981 moliens,

169 1996 256 2030 ⁷tale
282 1996 436 2039 scilicet,
464 1996 574 2040 quale
600 1984 778 2040 cujusque
809 1995 976 2029 studium
1006 1994 1043 2028 in
1078 1994 1267 2039 superiore
1293 1995 1371 2030 vita

170 2053 248 2088 fuit.
302 2052 432 2098 SQuid,
464 2053 526 2098 qui
561 2053 674 2088 etiam
707 2053 907 2087 addiscunt
936 2053 1090 2097 aliquid,
1119 2057 1158 2087 ut
1194 2053 1372 2088 Solonem

166 2111 350 2146 9versibus
390 2111 616 2156 gloriantem
648 2111 831 2155 videmus,
866 2111 928 2156 qui
967 2122 1007 2145 se
1049 2110 1186 2145 cotidie
1227 2110 1370 2156 aliquid

167 2169 426 2205 addiscentem
452 2181 581 2205 senem
611 2169 690 2204 fieri
708 2169 798 2205 dicit
817 2182 825 2211 ;
852 2167 916 2204 l⁰et
933 2180 1003 2214 ego
1020 2168 1102 2213 feci,
1121 2169 1184 2214 qui
1204 2169 1369 2204 Graecas
