1460 2386
326 90 428 116 CATO
458 89 589 116 MAJOR
619 89 673 116 DE
702 88 946 116 SENECTUTE.
1189 84 1236 124 17

35 196 124 222 vero
140 193 176 222 et
199 187 334 221 Flacco
347 187 564 233 neutiquam
584 186 730 232 probari
758 187 876 231 potuit
904 195 980 222 tam
999 188 1182 233 flagitiosa
1201 200 1238 229 et

36 251 114 279 tam
133 244 274 290 perdita
293 245 421 289 libido,
437 243 558 291 ¹²quac
577 257 660 279 cum
681 245 815 290 probro
835 245 977 290 privato
996 248 1238 294 conjungeret

39 302 170 348 imperi
191 303 366 338 dedecus.

85 418 267 464 X111.—§
295 429 351 463 43.
381 421 500 464 Saepe
531 419 655 453 audivi
683 417 718 452 ‘a
748 419 950 463 majoribus
981 428 1081 464 natu,
1108 423 1168 467 qui
1198 435 1237 458 se

36 488 146 523 porro
164 489 297 522 pueros
323 490 344 512 a
363 478 514 512 senibus
541 477 689 511 audisse
709 477 896 512 dicebant.
915 470 1052 512 ²ini'rari
1085 470 1236 515 solitum

36 535 77 570 C.
107 535 319 570 Fabricium
349 536 463 581 quod,
480 546 594 580 quum
613 535 711 579 apud
739 546 863 578 regem
886 535 1065 579 Pyrrhum
1091 537 1236 581 legatus

36 601 149 637 esset,
169 594 334 629 audisset
352 606 373 628 a
393 595 576 629 Thessalo
596 594 711 628 Cinea
737 605 820 628 esse
845 591 1051 638 ³quendam
1066 597 1237 641 Athenis,

37 651 99 696 qui
119 663 158 686 se
172 652 391 697 ⁴sapientem
411 652 654 697 profiteretur,
672 663 832 697 eumque
851 652 974 687 dicere
987 650 1128 688 ⁵0mnia
1142 666 1239 700 quae

37 707 244 743 faceremus
278 709 326 744 ad
353 710 581 754 voluptatem
613 721 694 744 esse
730 710 948 744 referenda:
983 708 1097 755 ⁶quod
1125 723 1168 746 ex
1195 724 1239 748 eo

35 767 231 802 audientes
261 768 320 802 Μ’.
343 768 495 802 Curium
519 777 553 803 et
574 768 630 802 Ti.
652 768 929 803 Coruncanium
960 777 1088 814 optare
1108 771 1238 807 solitos

34 826 88 860 'ut
97 825 133 860 ic.
144 825 373 861 Samnitibus
382 827 525 872 ipsique
538 827 677 871 Pyrrho
686 826 979 872 persuaderetur,
990 825 1078 872 ⁸quo
1092 828 1238 864 facilius

35 884 134 918 vinci
160 892 312 929 possent
335 897 450 930 quum
477 897 516 920 se
543 886 794 930 voluptatibus
821 885 1025 920 dedissent.
1085 887 1238 923 Vixerat

40 941 102 975 Μ’.
119 941 252 976 Curius
269 953 354 976 cum
367 941 423 976 ⁹P.
444 943 572 985 Decio,
587 942 649 988 qui
668 942 924 987 quinquennio
942 949 1030 978 ante
1047 954 1132 978 eum
1151 955 1239 979 con-

38 999 157 1034 sulem
170 1011 209 1034 se
223 1011 288 1044 pro
301 1001 489 1045 republica
498 1008 630 1046 quarto
645 1001 838 1035 consulatu
851 1000 1060 1036 devoverat.
1088 1000 1152 1036 ¹⁰N
1157 1008 1239 1037 orat

36 1058 198 1093 eundem
219 1059 422 1102 Fabricius,
441 1067 546 1094 norat
576 1059 832 1094 Coruncanius
851 1070 858 1092 :
886 1058 948 1103 qui
967 1069 1082 1104 quum
1107 1071 1152 1094 ex
1171 1071 1238 1095 sua

38 1116 128 1158 vita,
148 1123 227 1151 turn
252 1128 297 1152 ex
321 1117 400 1162 ejus
427 1129 537 1162 quem
565 1117 650 1151 dico
683 1117 720 1151 P.
749 1116 855 1151 Decii
882 1117 994 1160 facto,
1016 1117 1239 1162 judicabant

39 1172 150 1210 1¹esse
167 1175 334 1220 profecto
351 1175 491 1221 aliquid
511 1183 642 1210 natura
656 1175 852 1220 pulchrum
870 1181 983 1220 atque
996 1176 1242 1222 praeclarum,

39 1232 140 1277 quod
158 1243 225 1267 sua
242 1240 376 1278 sponte
389 1241 586 1278 peteretur,
600 1231 815 1278 ¹²qu0dque,
829 1240 953 1278 spreta
970 1239 1006 1268 et
1025 1240 1242 1279 contempta

37 1291 241 1335 voluptate,
263 1292 426 1337 optimus
453 1292 610 1338 quisque
636 1301 862 1337 sequeretur.
914 1289 1008 1336 §44
1034 1290 1240 1337 ¹Qu0rsum

35 1347 149 1394 igitur
165 1356 242 1384 tam
259 1350 376 1385 multa
392 1351 439 1385 de
454 1351 669 1395 voluptate?
693 1350 780 1395 quia
798 1361 874 1385 non
888 1350 1001 1385 modo
1018 1351 1242 1396 vituperatio

34 1407 151 1450 nulla,
183 1408 249 1443 sed
282 1408 396 1443 etiam
430 1420 578 1443 summa
610 1409 691 1442 laus
727 1408 929 1443 senectutis
964 1415 1032 1453 est,
1066 1408 1168 1454 quod
1193 1419 1240 1445 ea

38 1465 249 1510 voluptates
269 1467 390 1527 nullas
409 1478 637 1512 magnopere
655 1466 856 1502 desiderat.

85 1534 136 1569 At
161 1541 262 1570 caret
295 1535 413 1580 epulis
442 1536 725 1581 2exstructisque
752 1535 892 1570 mensis
918 1543 954 1571 et
980 1535 1236 1584 frequentibus

38 1591 193 1636 poculis.
265 1593 375 1629 Caret
409 1605 496 1638 ergo
530 1594 643 1628 etiam
677 1593 881 1628 vinulentia
915 1600 951 1628 et
986 1593 1167 1631 cruditate
1202 1600 1239 1629 et
1287 1628 1289 1630 .

35 1647 257 1685 ⁸insomniis.
309 1651 383 1686 Sed
399 1652 430 1686 si
448 1651 588 1696 aliquid
602 1651 769 1686 dandum
783 1658 839 1686 est
853 1651 1045 1696 voluptati,
1059 1651 1238 1697 quoniam

38 1707 118 1753 ejus
135 1708 327 1744 blanditiis
354 1721 428 1745 non
447 1710 554 1745 facile
581 1710 985 1745 obsistimus-⁴divine
1011 1710 1112 1745 enim
1132 1711 1239 1746 Plato

37 1775 152 1800 escam
179 1767 358 1801 malorum
390 1768 617 1813 voluptatem
644 1769 820 1813 appellat,
852 1767 967 1813 ⁵quod
993 1779 1038 1803 ea
1066 1768 1240 1803 videlicet

37 1821 210 1859 homines
239 1825 444 1869 capiantur,
470 1833 509 1860 ut
536 1825 649 1860 hamo
679 1826 1079 1870 pisces—quamquam
1107 1826 1238 1860 immo-

38 1879 177 1917 deratis
209 1883 329 1927 epulis
362 1891 464 1920 caret
494 1891 678 1928 senectus,
712 1885 870 1919 modicis
905 1891 1031 1919 tamen
1057 1884 1238 1920 conviviis

38 1939 215 1976 delectari
248 1949 382 1987 potest.
434 1943 474 1978 C.
510 1943 710 1987 Duellium,
743 1944 794 1978 M.
823 1943 950 1985 filiurn,
979 1940 1056 1988 ‘qui
1094 1944 1240 1979 Poenos

35 1998 155 2034 classe
174 2000 314 2045 primus
336 2001 535 2042 devicerat,
561 2003 778 2037 redeuntem
803 2014 826 2036 a
850 2013 944 2037 cena
969 2013 1098 2036 senem
1124 2012 1238 2047 saepe

40 2056 214 2092 videbam
229 2069 339 2104 puer;
357 2059 613 2095 delectabatur
625 2061 768 2096 ⁷crebro
781 2060 896 2095 funali
911 2068 946 2096 et
959 2058 1241 2105 tibicine‚⁸quae

42 2113 112 2150 sibi
130 2116 231 2150 nullo
256 2117 427 2162 exemplo
452 2118 617 2164 privatus
644 2125 853 2164 sumpserat
876 2130 883 2153 ε
909 2125 1055 2154 tantum
1071 2117 1244 2153 licentiae

218 2174 239 2206 2
