1450 2386
361 121 462 149 caro
492 121 624 149 »mon
654 121 706 149 Di:
736 120 980 150 saxam-um.
1223 111 1270 150 19

70 230 147 254 vero
162 218 296 263 δίείίιισ,
316 221 503 264 tamquam
521 231 544 253 a
568 219 713 254 domino
731 220 861 264 aqresti
886 231 926 254 ac
945 218 1089 264 fetrioso
1103 219 1263 264 profnyi.

67 276 241 324 ‘Cupidis
273 277 373 312 enim
407 289 528 312 rerum
555 278 682 312 talium
717 278 888 312 odiosum
925 285 959 313 ct
987 278 1186 312 molestum
1213 286 1269 313 est

70 335 230 371 sortasse
263 346 414 377 carere3
441 336 584 370 satiatis
619 347 705 370 vero
739 345 775 370 ct
805 336 960 381 expletis
990 336 1190 380 jucundius
1218 343 1272 370 cst

70 404 196 429 carere
224 405 338 439 quam
371 394 451 428 frui.
507 393 761 439 'Quamquam
787 406 862 429 non
889 401 988 429 caret
1022 395 1064 435 is,
1097 395 1158 439 qui
1194 405 1268 428 non

70 452 259 488 desiderat
278 464 285 486 ε
312 463 400 496 ergo
421 464 493 486 non
513 452 724 487 desiderare
742 453 826 487 dico
845 464 927 487 esse
940 452 1141 498 jucundius
1160 463 1272 497 quam

71 510 152 546 frui.
185 509 203 556 §
224 510 279 552 48.
303 510 414 555 Quod
429 509 472 545 'si
488 511 567 545 istis
583 511 673 555 ipsis
693 511 942 555 voluptatibus
958 511 1056 545 bona
1070 518 1174 545 aetas
1188 511 1272 544 frui-

70 575 130 603 tur
154 568 341 612 libentius,
357 569 531 614 ²primum
550 569 712 613 parvulis
733 569 862 604 fruitur
882 569 1002 612 rebus,
1021 577 1060 604 ut
1079 569 1239 603 diximus
1264 582 1271 605 ι

69 627 221 662 ⁸deinde
238 627 303 670 eis,
321 628 454 672 quibus
485 636 668 668 senectus,
695 628 724 661 si
753 639 825 661 non
850 628 1000 662 abunde
1027 628 1176 672 potitur,
1199 639 1272 662 non

70 685 224 719 omnino
250 695 359 720 caret.
422 687 467 720 Ut
496 685 507 703 ⁴
526 687 705 730 surpione
727 686 899 720 ‚nubit-io
919 686 1037 730 magis
1056 687 1273 726 delectatur,

69 743 145 788 ⁵qui
166 743 202 777 in
222 743 341 788 prima
359 754 472 778 cavea
492 752 633 788 spectat
658 757 665 784 ;
692 745 897 778 delectatur
921 753 1045 779 tamen
1073 745 1184 778 etiam
1211 745 1272 790 qui

0 840 3 845 y
45 814 54 842 J
71 801 108 836 in
134 801 275 845 ultima,
305 802 357 836 sic
383 802 650 845 adulescentia,
681 803 890 847 voluptates
919 802 1083 847 ⁶propter
1115 803 1274 845 intuens,

0 1223 28 1249 ‘1

0 1237 201 1303 ‘⁵4bamus
236 1268 273 1302 in
308 1268 430 1304 studio
469 1269 690 1304 dimetiundi
728 1280 847 1314 paene
881 1269 973 1304 caeli
1009 1277 1120 1314 atque
1151 1277 1271 1305 terrae

69 860 202 905 'magis
228 860 385 895 fortasse
411 861 592 900 laetatum
620 860 684 894 sed
720 861 923 895 delectatur
948 861 1061 895 etiam
1088 868 1272 903 senectus,

69 918 196 963 procul
222 929 286 953 eas
312 926 496 962 spectans,
523 925 668 952 tantum
691 926 870 963 quantum
890 926 947 953 sat
965 925 1031 953 est.
1087 917 1180 962 §49.
1209 917 1270 952 ¹At

70 976 131 1010 illa
161 978 290 1022 quanti
318 984 415 1019 sunt,
441 977 620 1010 2'animum
655 985 846 1022 tamquam
876 976 1039 1011 emeritis
1074 976 1270 1021 stipendiis

68 1033 245 1075 libidinis,
274 1034 501 1077 ambitionis,
528 1035 789 1078 contentionis,
814 1035 1103 1078 inimicitiarum,
1128 1035 1270 1080 cupidi-

69 1098 187 1127 tatum
206 1093 373 1127 omnium
401 1103 525 1127 secum
552 1104 646 1135 esse,
665 1103 877 1138 secumque,
896 1099 933 1128 ut
959 1092 1105 1136 dicitur,
1122 1093 1245 1127 vivere
1262 1095 1269 1127 l

71 1150 110 1185 Si
141 1161 228 1186 vero
257 1149 384 1186 ³habet
418 1151 567 1196 aliquod
604 1159 795 1196 tamquam
821 1151 998 1196 pabulum
1025 1151 1123 1186 studi
1157 1158 1270 1197 atque

62 1207 273 1252 doctrinae,
299 1209 391 1244 nihil
416 1216 472 1244 est
499 1210 618 1244 otiosa
649 1216 840 1244 senectute
862 1209 1073 1254 jucundius.
1143 1208 1269 1245 ⁴Vide-

0 1307 52 1369 Η]
70 1325 110 1360 C.
127 1325 289 1370 Gallum,
306 1327 526 1362 familiarem
542 1327 657 1371 patris
676 1327 740 1370 tui,
757 1327 892 1372 Scipio.
946 1325 1144 1372 ⁵Quotiens
1163 1327 1265 1362 illurn

0 1427 28 1458 0

0 1491 44 1543 ,1

0 1973 24 2002 ‘1

66 1383 128 1418 lux
160 1392 273 1419 noctu
309 1385 449 1430 aliquid
487 1384 698 1420 describere
736 1385 957 1430 ingressum,
982 1385 1154 1430 quotiens
1193 1397 1266 1421 nox

67 1443 265 1488 oppressit,
282 1454 396 1489 quum
415 1455 524 1478 mane
544 1444 727 1488 coepisset
747 1446 754 1478 ἔ
795 1444 935 1488 ⁶Quam
953 1444 1164 1479 delectabat
1183 1456 1267 1480 eum

67 1500 296 1537 defectiones
322 1501 410 1536 solis
437 1509 472 1536 et
498 1502 607 1536 lunae
633 1502 749 1536 multo
775 1502 884 1537 nobis
910 1509 997 1537 ante
1023 1503 1264 1547 praedicere!

67 1558 86 1602 ἓ
106 1569 159 1604 50.
187 1550 300 1604 ¹Quid
315 1559 350 1593 in
363 1559 562 1594 levioribus
575 1559 720 1603 studiis,
735 1559 799 1594 sed
815 1566 940 1594 tamen
952 1560 1100 1595 acutis?
1143 1561 1265 1606 Quam

65 1618 254 1663 gaudebat
272 1616 384 1652 ²Belc0
402 1629 469 1652 suo
497 1617 636 1651 Punico
659 1618 823 1652 Naevius
841 1620 847 1653 !
905 1618 1028 1662 Quam
1049 1618 1266 1654 Truculento

35 1673 251 1711 *Plautfssz
278 1686 389 1720 quam
422 1674 628 1710 Pseudolo!
677 1676 763 1710 Vidi
797 1676 912 1723 etiam
939 1675 1082 1721 ³senem
1109 1677 1270 1718 Livium,
1305 1676 1309 1681 ’

67 1735 144 1781 qui,
160 1735 289 1780 ⁴quum
308 1746 371 1770 sex
397 1735 506 1780 annis
524 1743 610 1769 ante
639 1746 751 1780 quam
778 1747 847 1779 ego
866 1743 974 1770 natus
1002 1747 1084 1770 sum
1101 1737 1266 1772 fabulam

66 1792 268 1837 docuisset,
301 1793 469 1827 Centone
503 1792 765 1837 Tuditanoque
799 1792 1025 1839 consulibus,
1053 1792 1186 1839 ⁵usque
1219 1795 1268 1829 ad

65 1850 360 1886 adulescentiam
378 1861 500 1884 meam
530 1850 710 1894 processit
728 1856 859 1884 aetate.
898 1849 996 1894 Quid
1015 1850 1062 1885 de
1084 1851 1121 1885 P.
1148 1851 1266 1886 Licini
1319 1857 1330 1867 ‘

68 1908 194 1944 Crassi
219 1916 255 1943 et
279 1906 461 1953 ‘pontifici
488 1915 523 1942 et
550 1907 668 1942 ‹ivilis
687 1907 779 1952 juris
806 1908 930 1955 studio
958 1908 1113 1954 loquar?
1139 1918 1203 1945 aut
1220 1910 1268 1946 de

65 1966 189 2012 'hujus
207 1967 244 2001 P.
261 1966 459 2012 Scipionis,
474 1966 534 2011 qui
550 1966 607 2000 his
623 1966 750 2011 paucis
762 1966 893 2001 diebus
908 1967 1072 2012 pontifex
1085 1968 1268 2015 maximus

0 2020 44 2085 2223
66 2023 188 2060 factus
213 2024 297 2059 est?
349 2023 459 2069 Atqui
485 2023 563 2058 ⁸e0s
594 2034 738 2066 omnes,
767 2035 860 2068 quos
887 2025 1190 2068 commemoravi,
1211 2025 1269 2060 his

0 2107 36 2154 μ

0 2280 30 2296 f

15 2307 24 2319 t

26 2082 199 2127 gstudiis
233 2081 432 2127 flagrantes
467 2092 574 2116 senes
610 2081 780 2116 vidimus.
836 2082 886 2116 M.
926 2093 1012 2117 vero
1048 2083 1268 2128 Cethegum,

0 2153 42 2190 ,φ
66 2151 178 2186 quem
194 2147 294 2175 recte
310 2137 470 2175 ⁹Sua1a2
488 2139 683 2174 medullam
700 2139 791 2175 dixit
812 2139 968 2182 Ennius,
987 2148 1127 2186 quanto
1145 2141 1269 2177 studio
